3259 4917
618 527 855 586 ΟΔΥΣΣΕΙΔΣ
884 531 909 583 Ψ

178 683 261 766 93η
283 689 344 771 μέν
366 683 418 752 ὄσ’
437 691 474 752 ἐν
494 681 686 773 μεγάροισιν
707 685 862 770 ἀνέσχετο
886 685 944 750 δία
965 685 1134 768 γυναικῶν,

243 789 372 877 ἀνδρῶν
392 786 589 876 μνηστήρων
610 786 747 875 ἐσορῶσ’
765 786 905 868 ’ἀίδηλον
928 781 1051 870 ὅμιλον,

241 894 275 958 οἳ
297 895 378 958 έθεν
400 896 506 957 εἵνεκα
529 888 652 970 πολλά,
672 887 759 976 βόας
779 893 836 957 καὶ
857 888 933 978 ’ίφια
954 892 1053 973 μῆλα,

128 1019 131 1025 ’
165 1007 225 1058 305
240 995 398 1084 ἔσφαζον,
420 990 542 1071 πολλὸς
563 995 598 1060 δὲ
619 997 734 1059 πίθων
754 989 923 1082 ἠφύσσετο
945 989 1049 1070 οἶνος·

240 1092 346 1185 αύτάρ
370 1096 389 1163 ὁ
412 1093 560 1180 διογενής
578 1091 746 1175 Ὀδυσεύς,
770 1092 835 1161 ’ὅσα
857 1091 944 1175 κήδε’
964 1097 1086 1175 έθηκεν
1185 1121 1187 1128 ’

240 1196 449 1286 ἀνθρώποις,
471 1195 537 1265 ὅσα
558 1198 587 1267 τ’
607 1193 706 1274 αὐτὸς
727 1194 860 1276 ὀιζύσας
881 1193 1050 1281 ἐμόγησεν,

241 1298 338 1367 πάντ’
359 1300 455 1386 ἔλεγ’.
478 1301 500 1381 ἡ
523 1301 552 1367 δ’
573 1296 628 1388 ἀρ’
647 1298 788 1390 ἐτέρπετ’
808 1295 973 1378 ἀκούουσ’,
997 1299 1072 1366 ούδέ
1094 1303 1126 1366 οἱ
1147 1297 1250 1377 ύπνος

242 1413 359 1470 πῖπτεν
381 1408 433 1470 ἐπὶ
455 1401 655 1493 βλεφάροισι
676 1402 782 1488 πάρος
803 1399 980 1480 καταλέξαι
1002 1399 1143 1468 άπαντα.

168 1518 225 1569 310
287 1501 410 1591 ήρξατο
433 1505 526 1584 δ’ὡς
546 1511 678 1593 πρῶτον
700 1509 846 1582 Κίκονας
868 1501 1004 1589 δάμασ’,
1027 1502 1132 1596 αὐτάρ
1154 1509 1263 1574 ἔπειτα
1307 1511 1314 1529 “

244 1599 325 1689 ἦλθ’
346 1616 379 1685 ἐς
400 1607 623 1699 Λωτοφάγων
644 1607 773 1692 ἀνδρῶν
793 1611 924 1694 πίειραν
946 1603 1109 1696 ἄρουραν·

243 1710 296 1791 ἠδ’
317 1708 382 1778 ὅσα
404 1709 553 1799 Κύκλωψ
574 1712 653 1798 έρξε,
674 1717 731 1778 καί
752 1709 796 1788 ὡς
819 1709 997 1778 ἀπετίσατο
1020 1708 1139 1792 ποινήν

244 1817 399 1903 ἰφθίμων
420 1812 562 1901 ἑτάρων,
584 1809 642 1891 ούς
662 1810 785 1895 ήσθιεν
805 1811 877 1878 οὐδ’
896 1817 1055 1897 ἐλέαιρεν·
1083 1841 1086 1853 ·

245 1915 298 1997 η’δ’
318 1915 361 1994 ὡς
381 1916 514 1982 Λίολον-
532 1915 635 1994 ἵκεθ’,
657 1915 677 1981 ὅ
688 1937 757 2000 μιν
777 1911 938 2004 πρόφρων
959 1912 1113 1980 ὑπέδεκτο
1144 1963 1149 1970 -

172 2030 230 2082 315
247 2021 303 2084 καὶ
324 2016 437 2103 πέμπ’,
452 2015 534 2084 οιίδέ
555 2040 607 2084 πω
630 2017 711 2084 αίσα
732 2018 836 2106 φίλην
857 2022 891 2094 ἐς
911 2015 1043 2102 πατρίδ’
1063 2019 1198 2083 ἱκέσθαι

246 2116 435 2202 ήην;.άλλά
456 2144 515 2206 μιν
536 2111 629 2198 αὖτις
650 2117 874 2206 ἀναρπάξασα
897 2116 1024 2186 θύελλα
1047 2151 1052 2158 ’

245 2220 369 2291 πάντων
390 2223 440 2289 ἐπ’
460 2219 639 2308 ἰχθυόεντα
662 2228 762 2312 φέρεν
781 2218 911 2308 μεγάλα
928 2217 1149 2307 στενάχοντα·

246 2324 299 2406 ἠδ’
318 2324 361 2402 ὡς
388 2327 577 2405 Τηλέπυλον
598 2327 869 2412 Λαιστρυγονίην
891 2323 1061 2413 ἀφίκανεν,
1100 2313 1102 2318 ’

248 2430 281 2494 οἳ
302 2425 386 2508 νῆάς
407 2426 436 2493 τ’
456 2423 576 2494 ύλεσαν
597 2432 654 2493 καὶ
675 2423 870 2510 ἐυκνήμιδας
895 2431 1052 2515 ἑταίρους.

177 2542 228 2594 321
247 2534 302 2597 καὶ
324 2532 452 2617 Κίρκης
471 2530 620 2610 κατέλεξε
643 2526 1012 2614 δύλωνπολυμηχανίην
1033 2553 1077 2610 τε,

248 2632 303 2713 ἡδ’
322 2632 367 2711 ὡς
389 2640 434 2710 είς
447 2633 557 2699 Ἀίδεω
580 2629 686 2719 δόμον
706 2627 835 2714 ήλυθεν
857 2628 1024 2719 εὐρώεντα,

247 2739 337 2825 ψυχῇ
358 2733 564 2825 χρησόμενος
591 2737 741 2821 Θηβαίου
768 2738 949 2824 Τειρεσίαο,

248 2844 303 2920 νηὶ
325 2837 529 2921 πολυκλήιδι,
550 2844 607 2907 καὶ
629 2839 726 2906 εἵσιδε
747 2835 876 2915 πάντας
897 2842 1047 2925 ἑταίρους

181 2949 231 3000 325
249 2948 375 3030 μητέρα
397 2942 450 3020 θ’,
473 2939 495 3022 ἥ
517 2966 575 3026 μιν
597 2945 698 3007 έτικτε
718 2945 774 3007 καὶ
797 2944 910 3028 ἔτρεφε
932 2936 1060 3006 τυτθόν
1081 2935 1195 3003 ἐόντα·

249 3042 302 3121 ηδ’
323 3043 366 3120 ὡς
387 3041 563 3131 Σειρήνων
585 3039 729 3107 ἀδινάων
751 3038 911 3130 φθόγγον
932 3034 1080 3116 άκουσεν,

251 3143 294 3221 ὥς
316 3143 356 3210 θ’
376 3149 462 3210 ἵκετο
486 3138 666 3228 Πλαγκτάς
686 3137 939 3229 πέτραςδεινήν
960 3165 994 3205 τε
1020 3137 1194 3226 Χάρυβδιν

251 3244 410 3326 Σκύλλην
433 3245 484 3326 θ’,
507 3242 549 3327 ἢν
571 3241 611 3312 ού
631 3241 682 3311 πά
703 3243 777 3312 ποτ’
797 3239 927 3328 ἀκήριοι
949 3238 1066 3332 ἀνδρες
1087 3237 1227 3320 ἀλυξαν·
1272 3305 1282 3322 ,

252 3350 304 3432 ἠδ’
324 3349 367 3427 ὡς
388 3349 512 3430 ἠελίοιο
532 3345 617 3433 βόας
637 3353 843 3436 κατέπεφνον
864 3352 1006 3436 ἑταῖροι·

184 3461 234 3513 330
251 3452 304 3534 ἠδ’
324 3451 367 3529 ὡς
388 3457 453 3533 νῆα
476 3448 567 3532 θοήν
589 3454 686 3536 έβαλε
706 3447 865 3541 ψολόεντι
885 3452 1031 3536 κεραυνῷ
1079 3468 1081 3474 ’

254 3551 335 3633 Ζεύς
355 3554 589 3644 ὑψιβρεμέτης,
611 3550 678 3619 ἀπὸ
702 3552 731 3617 δ’
751 3555 904 3642 ἔφθιθεν
925 3554 1045 3618 ἐσθλοί
1068 3556 1192 3639 ἑταῖροι

252 3655 372 3733 πάντες
394 3655 496 3742 ὁμῶς,
519 3651 620 3732 αὐτὸς
641 3656 675 3720 δέ
696 3649 800 3729 κακάς
821 3649 885 3719 ὑπὸ
902 3643 1011 3740 Ικῆρας
1032 3647 1163 3732 άλυξεν·

253 3758 296 3838 ὥς
317 3759 358 3826 θ’
378 3755 454 3825 ἵκετ’
470 3756 624 3841 Ὠγυγίην
645 3758 750 3836 νῆσον
770 3753 905 3846 νύμφην
926 3779 960 3820 τε
982 3752 1142 3844 Καλυψώ,

253 3859 275 3942 ἢ
299 3859 340 3943 δή
361 3882 418 3946 μιν
440 3864 591 3946 κατέρυκε
613 3861 802 3944 λιλαιομένη
825 3855 925 3925 πόσιν
948 3856 1030 3923 εἶναι

290 4086 342 4139 320
360 4084 472 4144 πάντας·
488 4079 629 4143 Ὀδυσσεύς
647 4078 673 4136 δ’
688 4087 744 4141 οἶος
762 4080 893 4151 ύττιίιφυγε
912 4084 951 4150 νηί
968 4084 1089 4153 μελαίνῃ·
