<?xml version="1.0" encoding="UTF-8"?>
<!DOCTYPE html PUBLIC "-//W3C//DTD XHTML 1.0 Transitional//EN"
    "http://www.w3.org/TR/xhtml1/DTD/xhtml1-transitional.dtd">
<html xmlns="http://www.w3.org/1999/xhtml" xml:lang="en" lang="en">
 <head>
  <title>
</title>
<meta http-equiv="Content-Type" content="text/html;charset=utf-8" />
  <meta name='ocr-system' content='tesseract 3.04.00' />
  <meta name='ocr-capabilities' content='ocr_page ocr_carea ocr_par ocr_line ocrx_word'/>
</head>
<body>
  <div class='ocr_page' id='page_1' title='image "./homeriodyssea00bekkgoog_0134.png"; bbox 0 0 3259 4917; ppageno 0'>
   <div class='ocr_carea' id='block_1_1' title="bbox 646 547 1319 606">
    <p class='ocr_par' dir='ltr' id='par_1_1' title="bbox 646 547 1319 606">
     <span class='ocr_line' id='line_1_1' title="bbox 646 547 1319 606; baseline 0.001 -2"><span class='ocrx_word' id='word_1_1' title='bbox 646 547 888 606; x_wconf 72' lang='grc' dir='ltr'><strong>ΟΔΥΣΣῈΙΑΣ</strong></span> <span class='ocrx_word' id='word_1_2' title='bbox 906 550 939 603; x_wconf 75' lang='grc' dir='ltr'><strong><em>θ</em></strong></span> <span class='ocrx_word' id='word_1_3' title='bbox 1268 548 1319 606; x_wconf 62' lang='lat' dir='ltr'><strong><em>lffi</em></strong></span> 
     </span>
    </p>
   </div>
   <div class='ocr_carea' id='block_1_2' title="bbox 188 699 1320 4182">
    <p class='ocr_par' dir='ltr' id='par_1_2' title="bbox 208 699 1290 1106">
     <span class='ocr_line' id='line_1_2' title="bbox 208 699 1290 795; baseline 0 -23"><span class='ocrx_word' id='word_1_4' title='bbox 208 706 233 772; x_wconf 80' lang='lat'><em>8</em></span> <span class='ocrx_word' id='word_1_5' title='bbox 305 702 400 772; x_wconf 83' lang='grc' dir='ltr'><strong><em>ταῦτ’</em></strong></span> <span class='ocrx_word' id='word_1_6' title='bbox 420 699 474 792; x_wconf 78' lang='grc' dir='ltr'><strong><em>ἄρ’</em></strong></span> <span class='ocrx_word' id='word_1_7' title='bbox 494 700 608 782; x_wconf 84' lang='grc' dir='ltr'><strong><em>άοιδός</em></strong></span> <span class='ocrx_word' id='word_1_8' title='bbox 630 700 724 773; x_wconf 86' lang='grc' dir='ltr'><strong><em>άειδε·</em></strong></span> <span class='ocrx_word' id='word_1_9' title='bbox 738 701 944 795; x_wconf 73' lang='grc' dir='ltr'><strong><em>περικλυτός·</em></strong></span> <span class='ocrx_word' id='word_1_10' title='bbox 966 699 1073 794; x_wconf 74' lang='grc' dir='ltr'><strong><em>αὐτάρ</em></strong></span> <span class='ocrx_word' id='word_1_11' title='bbox 1092 701 1266 784; x_wconf 80' lang='grc' dir='ltr'><strong><em>Ὀδυσσεύς</em></strong></span> <span class='ocrx_word' id='word_1_12' title='bbox 1284 739 1290 748; x_wconf 88' lang='grc'><strong><em>·</em></strong></span> 
     </span>
     <span class='ocr_line' id='line_1_3' title="bbox 260 802 1174 900; baseline -0.002 -24"><span class='ocrx_word' id='word_1_13' title='bbox 260 805 392 891; x_wconf 80' lang='grc' dir='ltr'><strong><em>τήκετο,</em></strong></span> <span class='ocrx_word' id='word_1_14' title='bbox 415 804 519 898; x_wconf 81' lang='grc' dir='ltr'><strong><em>δάκρυ</em></strong></span> <span class='ocrx_word' id='word_1_15' title='bbox 540 806 571 875; x_wconf 87' lang='grc' dir='ltr'><strong><em>δ’</em></strong></span> <span class='ocrx_word' id='word_1_16' title='bbox 590 811 697 876; x_wconf 83' lang='grc' dir='ltr'><strong><em>έδεειεν</em></strong></span> <span class='ocrx_word' id='word_1_17' title='bbox 718 802 785 876; x_wconf 75' lang='grc' dir='ltr'><strong><em>ὑπό</em></strong></span> <span class='ocrx_word' id='word_1_18' title='bbox 802 805 1006 900; x_wconf 72' lang='grc' dir='ltr'><em>βλεφάροισι</em></span> <span class='ocrx_word' id='word_1_19' title='bbox 1025 806 1174 896; x_wconf 81' lang='grc' dir='ltr'><strong><em>παρειάς.</em></strong></span> 
     </span>
     <span class='ocr_line' id='line_1_4' title="bbox 262 907 1223 1004; baseline -0.002 -26"><span class='ocrx_word' id='word_1_20' title='bbox 262 909 306 990; x_wconf 87' lang='grc' dir='ltr'><strong><em>ὡς</em></strong></span> <span class='ocrx_word' id='word_1_21' title='bbox 328 913 363 978; x_wconf 80' lang='grc' dir='ltr'><strong><em>δὲ</em></strong></span> <span class='ocrx_word' id='word_1_22' title='bbox 384 907 467 998; x_wconf 75' lang='grc' dir='ltr'><strong><em>γυνή</em></strong></span> <span class='ocrx_word' id='word_1_23' title='bbox 488 913 619 1004; x_wconf 83' lang='grc' dir='ltr'><strong><em>κλαίησι</em></strong></span> <span class='ocrx_word' id='word_1_24' title='bbox 640 914 743 1002; x_wconf 73' lang='grc' dir='ltr'><strong><em>φίλον</em></strong></span> <span class='ocrx_word' id='word_1_25' title='bbox 761 908 863 979; x_wconf 90' lang='grc' dir='ltr'><strong><em>πόσιν</em></strong></span> <span class='ocrx_word' id='word_1_26' title='bbox 883 910 1129 1004; x_wconf 81' lang='grc' dir='ltr'><strong><em>άμφατεδοῦσα,</em></strong></span> <span class='ocrx_word' id='word_1_27' title='bbox 1217 935 1223 950; x_wconf 78' lang='grc'><strong><em>·</em></strong></span> 
     </span>
     <span class='ocr_line' id='line_1_5' title="bbox 263 1011 1083 1106; baseline -0.001 -25"><span class='ocrx_word' id='word_1_28' title='bbox 263 1011 302 1092; x_wconf 89' lang='grc' dir='ltr'><strong><em>ὅς</em></strong></span> <span class='ocrx_word' id='word_1_29' title='bbox 323 1038 358 1081; x_wconf 86' lang='grc' dir='ltr'><strong><em>τε</em></strong></span> <span class='ocrx_word' id='word_1_30' title='bbox 379 1017 436 1096; x_wconf 74' lang='grc' dir='ltr'><strong><em>ἑῆς</em></strong></span> <span class='ocrx_word' id='word_1_31' title='bbox 457 1011 611 1103; x_wconf 91' lang='grc' dir='ltr'><strong><em>πρόσθεν</em></strong></span> <span class='ocrx_word' id='word_1_32' title='bbox 633 1012 749 1092; x_wconf 89' lang='grc' dir='ltr'><strong><em>πόλιος</em></strong></span> <span class='ocrx_word' id='word_1_33' title='bbox 769 1015 862 1080; x_wconf 81' lang='grc' dir='ltr'><strong><em>λαῶν</em></strong></span> <span class='ocrx_word' id='word_1_34' title='bbox 882 1038 918 1080; x_wconf 91' lang='grc' dir='ltr'><strong><em>τε</em></strong></span> <span class='ocrx_word' id='word_1_35' title='bbox 938 1019 1083 1106; x_wconf 84' lang='grc' dir='ltr'><strong><em>πέσησιν,</em></strong></span> 
     </span>
    </p>

    <p class='ocr_par' dir='ltr' id='par_1_3' title="bbox 188 1106 1034 1204">
     <span class='ocr_line' id='line_1_6' title="bbox 188 1106 1034 1204; baseline 0.001 -23"><span class='ocrx_word' id='word_1_36' title='bbox 188 1130 244 1182; x_wconf 85' lang='grc'><strong><em>525</em></strong></span> <span class='ocrx_word' id='word_1_37' title='bbox 263 1113 359 1185; x_wconf 83' lang='grc' dir='ltr'><strong><em>άστεϊ</em></strong></span> <span class='ocrx_word' id='word_1_38' title='bbox 378 1121 435 1184; x_wconf 83' lang='grc' dir='ltr'><strong><em>καὶ</em></strong></span> <span class='ocrx_word' id='word_1_39' title='bbox 457 1122 618 1202; x_wconf 77' lang='grc' dir='ltr'><strong><em>τεκέεσσιν</em></strong></span> <span class='ocrx_word' id='word_1_40' title='bbox 640 1113 774 1203; x_wconf 82' lang='grc' dir='ltr'><strong><em>ἀμύνων</em></strong></span> <span class='ocrx_word' id='word_1_41' title='bbox 794 1119 906 1196; x_wconf 78' lang='grc' dir='ltr'><strong><em>νηλεὲς</em></strong></span> <span class='ocrx_word' id='word_1_42' title='bbox 926 1106 1034 1204; x_wconf 85' lang='grc' dir='ltr'><strong><em>ἦμαρ·</em></strong></span> 
     </span>
    </p>

    <p class='ocr_par' dir='ltr' id='par_1_4' title="bbox 262 1215 1194 1618">
     <span class='ocr_line' id='line_1_7' title="bbox 262 1215 1194 1307; baseline -0.01 -18"><span class='ocrx_word' id='word_1_43' title='bbox 262 1219 285 1302; x_wconf 91' lang='grc' dir='ltr'><strong><em>ή</em></strong></span> <span class='ocrx_word' id='word_1_44' title='bbox 308 1223 368 1307; x_wconf 79' lang='grc' dir='ltr'><strong><em>μὲν</em></strong></span> <span class='ocrx_word' id='word_1_45' title='bbox 389 1215 449 1294; x_wconf 84' lang='grc' dir='ltr'><strong><em>τὸν</em></strong></span> <span class='ocrx_word' id='word_1_46' title='bbox 470 1216 666 1301; x_wconf 79' lang='grc' dir='ltr'><strong><em>θνήσκοντα</em></strong></span> <span class='ocrx_word' id='word_1_47' title='bbox 687 1222 743 1286; x_wconf 82' lang='grc' dir='ltr'><strong><em>καί</em></strong></span> <span class='ocrx_word' id='word_1_48' title='bbox 765 1216 976 1304; x_wconf 82' lang='grc' dir='ltr'><strong><em>ἀσπαίροντα</em></strong></span> <span class='ocrx_word' id='word_1_49' title='bbox 998 1217 1114 1284; x_wconf 80' lang='grc' dir='ltr'><strong><em>λδοῦσα</em></strong></span> <span class='ocrx_word' id='word_1_50' title='bbox 1189 1291 1194 1299; x_wconf 22' lang='lat' dir='ltr'>x</span> 
     </span>
     <span class='ocr_line' id='line_1_8' title="bbox 263 1312 1183 1446; baseline 0 -58"><span class='ocrx_word' id='word_1_51' title='bbox 263 1323 351 1446; x_wconf 76' lang='grc' dir='ltr'><strong><em>ἀμφ’</em></strong></span> <span class='ocrx_word' id='word_1_52' title='bbox 370 1322 460 1408; x_wconf 72' lang='grc' dir='ltr'><strong><em>αὐτῷ</em></strong></span> <span class='ocrx_word' id='word_1_53' title='bbox 477 1321 602 1410; x_wconf 87' lang='grc' dir='ltr'><strong><em>χνμένη</em></strong></span> <span class='ocrx_word' id='word_1_54' title='bbox 625 1325 701 1406; x_wconf 82' lang='grc' dir='ltr'><strong><em>λίγα</em></strong></span> <span class='ocrx_word' id='word_1_55' title='bbox 716 1315 851 1389; x_wconf 72' lang='grc' dir='ltr'><strong><em>’κωκόεν</em></strong></span> <span class='ocrx_word' id='word_1_56' title='bbox 874 1324 906 1386; x_wconf 82' lang='grc' dir='ltr'><strong><em>οἱ</em></strong></span> <span class='ocrx_word' id='word_1_57' title='bbox 928 1322 963 1386; x_wconf 83' lang='grc' dir='ltr'><strong><em>δέ</em></strong></span> <span class='ocrx_word' id='word_1_58' title='bbox 984 1318 1017 1387; x_wconf 88' lang='grc' dir='ltr'><strong><em>τ’</em></strong></span> <span class='ocrx_word' id='word_1_59' title='bbox 1037 1312 1183 1388; x_wconf 83' lang='grc' dir='ltr'><strong><em>ὄπισθεν</em></strong></span> 
     </span>
     <span class='ocr_line' id='line_1_9' title="bbox 263 1418 1131 1550; baseline -0.005 -57"><span class='ocrx_word' id='word_1_60' title='bbox 263 1423 439 1504; x_wconf 80' lang='grc' dir='ltr'><strong><em>κόπτοντες</em></strong></span> <span class='ocrx_word' id='word_1_61' title='bbox 461 1423 614 1550; x_wconf 82' lang='grc' dir='ltr'><strong><em>δούρεσσι</em></strong></span> <span class='ocrx_word' id='word_1_62' title='bbox 634 1423 843 1518; x_wconf 80' lang='grc' dir='ltr'><strong><em>μετάφρενον</em></strong></span> <span class='ocrx_word' id='word_1_63' title='bbox 864 1422 922 1506; x_wconf 78' lang='grc' dir='ltr'><strong><em>ήδδ</em></strong></span> <span class='ocrx_word' id='word_1_64' title='bbox 941 1426 1001 1491; x_wconf 82' lang='grc' dir='ltr'><strong><em>καὶ</em></strong></span> <span class='ocrx_word' id='word_1_65' title='bbox 1023 1418 1131 1509; x_wconf 81' lang='grc' dir='ltr'><strong><em>ὤμους</em></strong></span> 
     </span>
     <span class='ocr_line' id='line_1_10' title="bbox 264 1523 1150 1648; baseline -0.001 -53"><span class='ocrx_word' id='word_1_66' title='bbox 264 1528 389 1648; x_wconf 82' lang='grc' dir='ltr'><strong><em>ε’ίρερον</em></strong></span> <span class='ocrx_word' id='word_1_67' title='bbox 412 1525 637 1613; x_wconf 72' lang='grc' dir='ltr'><strong><em>εἰσανάγουσι,</em></strong></span> <span class='ocrx_word' id='word_1_68' title='bbox 657 1526 762 1598; x_wconf 88' lang='grc' dir='ltr'><strong><em>πόνον</em></strong></span> <span class='ocrx_word' id='word_1_69' title='bbox 775 1554 804 1596; x_wconf 91' lang='grc' dir='ltr'><strong><em>τ</em></strong></span> <span class='ocrx_word' id='word_1_70' title='bbox 806 1528 945 1628; x_wconf 73' lang='grc' dir='ltr'><strong><em>’ἐχέμεν</em></strong></span> <span class='ocrx_word' id='word_1_71' title='bbox 965 1530 1023 1596; x_wconf 83' lang='grc' dir='ltr'><strong><em>καὶ</em></strong></span> <span class='ocrx_word' id='word_1_72' title='bbox 1044 1523 1150 1608; x_wconf 79' lang='grc' dir='ltr'><strong><em>ὀιζύν·</em></strong></span> 
     </span>
    </p>

    <p class='ocr_par' dir='ltr' id='par_1_5' title="bbox 192 1615 1224 2132">
     <span class='ocr_line' id='line_1_11' title="bbox 192 1615 1106 1757; baseline -0.002 -57"><span class='ocrx_word' id='word_1_73' title='bbox 192 1623 246 1700; x_wconf 76' lang='lat'><strong><em>5³6</em></strong></span> <span class='ocrx_word' id='word_1_74' title='bbox 263 1657 324 1714; x_wconf 89' lang='grc' dir='ltr'><strong><em>της</em></strong></span> <span class='ocrx_word' id='word_1_75' title='bbox 345 1630 378 1698; x_wconf 90' lang='grc' dir='ltr'><strong><em>δ</em></strong></span> <span class='ocrx_word' id='word_1_76' title='bbox 388 1625 650 1718; x_wconf 75' lang='grc' dir='ltr'><strong><em>λλιεινοτάτφ”</em></strong></span> <span class='ocrx_word' id='word_1_77' title='bbox 626 1643 701 1720; x_wconf 73' lang='grc' dir='ltr'><strong><em>αχεν·</em></strong></span> <span class='ocrx_word' id='word_1_78' title='bbox 707 1615 937 1757; x_wconf 80' lang='grc' dir='ltr'><strong><em>φθινόθονσι</em></strong></span> <span class='ocrx_word' id='word_1_79' title='bbox 956 1635 1106 1721; x_wconf 78' lang='grc' dir='ltr'><strong><em>παρειαί·</em></strong></span> 
     </span>
     <span class='ocr_line' id='line_1_12' title="bbox 265 1729 1224 1828; baseline 0.005 -27"><span class='ocrx_word' id='word_1_80' title='bbox 265 1731 309 1813; x_wconf 75' lang='grc' dir='ltr'><strong><em>ὣς</em></strong></span> <span class='ocrx_word' id='word_1_81' title='bbox 327 1729 478 1814; x_wconf 80' lang='grc' dir='ltr'><strong><em>Ὀδνσεός</em></strong></span> <span class='ocrx_word' id='word_1_82' title='bbox 500 1731 676 1802; x_wconf 69' lang='grc' dir='ltr'><strong><em>έλεεινὸν”</em></strong></span> <span class='ocrx_word' id='word_1_83' title='bbox 660 1735 714 1802; x_wconf 77' lang='grc' dir='ltr'><strong><em>υπ’</em></strong></span> <span class='ocrx_word' id='word_1_84' title='bbox 736 1733 861 1828; x_wconf 82' lang='grc' dir='ltr'><strong><em>ὀφρύσι</em></strong></span> <span class='ocrx_word' id='word_1_85' title='bbox 880 1732 1024 1824; x_wconf 73' lang='grc' dir='ltr'><strong><em>δάκρυον</em></strong></span> <span class='ocrx_word' id='word_1_86' title='bbox 1045 1759 1060 1802; x_wconf 89' lang='grc' dir='ltr'><strong><em>ε</em></strong></span> <span class='ocrx_word' id='word_1_87' title='bbox 1060 1730 1163 1820; x_wconf 49' lang='grc' dir='ltr'><strong><em>λίβον</em></strong></span> <span class='ocrx_word' id='word_1_88' title='bbox 1218 1802 1224 1806; x_wconf 82' lang='grc'><strong><em>,</em></strong></span> 
     </span>
     <span class='ocr_line' id='line_1_13' title="bbox 265 1834 1197 1926; baseline -0.001 -20"><span class='ocrx_word' id='word_1_89' title='bbox 265 1838 340 1906; x_wconf 67' lang='grc' dir='ltr'><strong><em>ἔνθ’</em></strong></span> <span class='ocrx_word' id='word_1_90' title='bbox 359 1834 479 1917; x_wconf 85' lang='grc' dir='ltr'><strong><em>άλλονς</em></strong></span> <span class='ocrx_word' id='word_1_91' title='bbox 499 1842 560 1926; x_wconf 71' lang='grc' dir='ltr'><strong><em>μέν</em></strong></span> <span class='ocrx_word' id='word_1_92' title='bbox 578 1835 708 1916; x_wconf 81' lang='grc' dir='ltr'><strong><em>πάντας</em></strong></span> <span class='ocrx_word' id='word_1_93' title='bbox 730 1837 899 1905; x_wconf 78' lang='grc' dir='ltr'><strong><em>ἐλάνθανε</em></strong></span> <span class='ocrx_word' id='word_1_94' title='bbox 921 1836 1048 1926; x_wconf 81' lang='grc' dir='ltr'><strong><em>δάκρυα</em></strong></span> <span class='ocrx_word' id='word_1_95' title='bbox 1070 1840 1197 1923; x_wconf 80' lang='grc' dir='ltr'><strong><em>λείβων,</em></strong></span> 
     </span>
     <span class='ocr_line' id='line_1_14' title="bbox 262 1936 1105 2063; baseline 0.002 -57"><span class='ocrx_word' id='word_1_96' title='bbox 262 1941 428 2020; x_wconf 81' lang='grc' dir='ltr'><strong><em>Ἀλκίνοος</em></strong></span> <span class='ocrx_word' id='word_1_97' title='bbox 449 1943 483 2008; x_wconf 89' lang='grc' dir='ltr'><strong><em>δέ</em></strong></span> <span class='ocrx_word' id='word_1_98' title='bbox 504 1965 563 2028; x_wconf 90' lang='grc' dir='ltr'><strong><em>μιν</em></strong></span> <span class='ocrx_word' id='word_1_99' title='bbox 585 1940 654 2018; x_wconf 79' lang='grc' dir='ltr'><strong><em>οἶος</em></strong></span> <span class='ocrx_word' id='word_1_100' title='bbox 675 1936 878 2032; x_wconf 78' lang='grc' dir='ltr'><strong><em>ἐπεφράσατ’</em></strong></span> <span class='ocrx_word' id='word_1_101' title='bbox 896 1939 950 2022; x_wconf 81' lang='grc' dir='ltr'><strong><em>ήδ</em></strong></span> <span class='ocrx_word' id='word_1_102' title='bbox 968 1937 1105 2063; x_wconf 72' lang='grc' dir='ltr'><strong><em>ἐνόησεν</em></strong></span> 
     </span>
     <span class='ocr_line' id='line_1_15' title="bbox 264 2033 1188 2132; baseline -0.001 -21"><span class='ocrx_word' id='word_1_103' title='bbox 264 2040 384 2130; x_wconf 83' lang='grc' dir='ltr'><strong><em>ἥμενος</em></strong></span> <span class='ocrx_word' id='word_1_104' title='bbox 405 2040 479 2131; x_wconf 80' lang='grc' dir='ltr'><strong><em>άχχ</em></strong></span> <span class='ocrx_word' id='word_1_105' title='bbox 493 2041 614 2126; x_wconf 83' lang='grc' dir='ltr'><strong><em>αὐτοῦ,</em></strong></span> <span class='ocrx_word' id='word_1_106' title='bbox 634 2039 780 2132; x_wconf 78' lang='grc' dir='ltr'><strong><em>βαριιδὲ</em></strong></span> <span class='ocrx_word' id='word_1_107' title='bbox 803 2033 1020 2131; x_wconf 84' lang='grc' dir='ltr'><strong><em>στενάχοντος</em></strong></span> <span class='ocrx_word' id='word_1_108' title='bbox 1038 2037 1188 2111; x_wconf 84' lang='grc' dir='ltr'><strong><em>άκονσεν.</em></strong></span> 
     </span>
    </p>

    <p class='ocr_par' dir='ltr' id='par_1_6' title="bbox 193 2141 1139 2441">
     <span class='ocr_line' id='line_1_16' title="bbox 193 2141 1139 2270; baseline 0.003 -61"><span class='ocrx_word' id='word_1_109' title='bbox 193 2157 247 2210; x_wconf 83' lang='grc'><strong><em>535</em></strong></span> <span class='ocrx_word' id='word_1_110' title='bbox 266 2146 355 2239; x_wconf 82' lang='grc' dir='ltr'><strong><em>αἶψα</em></strong></span> <span class='ocrx_word' id='word_1_111' title='bbox 377 2150 411 2214; x_wconf 77' lang='grc' dir='ltr'><strong><em>δὲ</em></strong></span> <span class='ocrx_word' id='word_1_112' title='bbox 437 2146 619 2228; x_wconf 82' lang='grc' dir='ltr'><strong><em>Φαιήκεσσι</em></strong></span> <span class='ocrx_word' id='word_1_113' title='bbox 641 2143 870 2270; x_wconf 85' lang='grc' dir='ltr'><strong><em>φιληρέτμοισι</em></strong></span> <span class='ocrx_word' id='word_1_114' title='bbox 891 2141 1038 2233; x_wconf 81' lang='grc' dir='ltr'><strong><em>μετηύδα</em></strong></span> <span class='ocrx_word' id='word_1_115' title='bbox 1132 2211 1139 2222; x_wconf 58' lang='lat'>„</span> 
     </span>
     <span class='ocr_line' id='line_1_17' title="bbox 272 2243 1063 2336; baseline 0.004 -25"><span class='ocrx_word' id='word_1_116' title='bbox 272 2253 436 2329; x_wconf 77' lang='grc' dir='ltr'><strong><em>«κέκλυτε,</em></strong></span> <span class='ocrx_word' id='word_1_117' title='bbox 462 2246 658 2328; x_wconf 71' lang='grc' dir='ltr'><strong><em>Φαιήκαν“</em></strong></span> <span class='ocrx_word' id='word_1_118' title='bbox 641 2246 799 2336; x_wconf 78' lang='grc' dir='ltr'><strong><em>ημήτορες</em></strong></span> <span class='ocrx_word' id='word_1_119' title='bbox 821 2247 879 2328; x_wconf 82' lang='grc' dir='ltr'><strong><em>ήδὲ</em></strong></span> <span class='ocrx_word' id='word_1_120' title='bbox 899 2243 1063 2333; x_wconf 81' lang='grc' dir='ltr'><strong><em>μέδοντες,</em></strong></span> 
     </span>
     <span class='ocr_line' id='line_1_18' title="bbox 265 2345 1118 2441; baseline -0.007 -21"><span class='ocrx_word' id='word_1_121' title='bbox 265 2350 458 2441; x_wconf 85' lang='grc' dir='ltr'><strong><em>Δημόδοκος</em></strong></span> <span class='ocrx_word' id='word_1_122' title='bbox 479 2350 508 2416; x_wconf 84' lang='grc' dir='ltr'><strong><em>δ’</em></strong></span> <span class='ocrx_word' id='word_1_123' title='bbox 527 2345 591 2430; x_wconf 87' lang='grc' dir='ltr'><strong><em>ήδη</em></strong></span> <span class='ocrx_word' id='word_1_124' title='bbox 615 2352 762 2435; x_wconf 85' lang='grc' dir='ltr'><strong><em>σχεθέτω</em></strong></span> <span class='ocrx_word' id='word_1_125' title='bbox 780 2346 957 2440; x_wconf 78' lang='grc' dir='ltr'><strong><em>φόρμιγγα</em></strong></span> <span class='ocrx_word' id='word_1_126' title='bbox 978 2353 1118 2434; x_wconf 79' lang='grc' dir='ltr'><strong><em>λίγειαν·</em></strong></span> 
     </span>
    </p>

    <p class='ocr_par' dir='ltr' id='par_1_7' title="bbox 231 2448 1146 2646">
     <span class='ocr_line' id='line_1_19' title="bbox 231 2448 1106 2546; baseline -0.006 -22"><span class='ocrx_word' id='word_1_127' title='bbox 231 2528 235 2535; x_wconf 58' lang='grc'><strong><em>,</em></strong></span> <span class='ocrx_word' id='word_1_128' title='bbox 267 2455 306 2524; x_wconf 81' lang='grc' dir='ltr'><strong><em>οὐ</em></strong></span> <span class='ocrx_word' id='word_1_129' title='bbox 327 2452 392 2541; x_wconf 79' lang='grc' dir='ltr'><strong><em>γάρ</em></strong></span> <span class='ocrx_word' id='word_1_130' title='bbox 414 2475 466 2522; x_wconf 84' lang='grc' dir='ltr'><strong><em>πω</em></strong></span> <span class='ocrx_word' id='word_1_131' title='bbox 486 2450 646 2520; x_wconf 87' lang='grc' dir='ltr'><strong><em>πάντεσσι</em></strong></span> <span class='ocrx_word' id='word_1_132' title='bbox 663 2449 880 2546; x_wconf 83' lang='grc' dir='ltr'><strong><em>χαριζόμενος</em></strong></span> <span class='ocrx_word' id='word_1_133' title='bbox 900 2448 974 2520; x_wconf 85' lang='grc' dir='ltr'><strong><em>τάδ’</em></strong></span> <span class='ocrx_word' id='word_1_134' title='bbox 993 2451 1106 2520; x_wconf 77' lang='grc' dir='ltr'><strong><em>άείδελ</em></strong></span> 
     </span>
     <span class='ocr_line' id='line_1_20' title="bbox 266 2550 1146 2646; baseline -0.001 -21"><span class='ocrx_word' id='word_1_135' title='bbox 266 2558 301 2640; x_wconf 77' lang='grc' dir='ltr'><strong><em>ἐξ</em></strong></span> <span class='ocrx_word' id='word_1_136' title='bbox 323 2550 362 2626; x_wconf 82' lang='grc' dir='ltr'><strong><em>οὗ</em></strong></span> <span class='ocrx_word' id='word_1_137' title='bbox 385 2560 566 2646; x_wconf 79' lang='grc' dir='ltr'><strong><em>δορπέομέν</em></strong></span> <span class='ocrx_word' id='word_1_138' title='bbox 587 2580 621 2622; x_wconf 86' lang='grc' dir='ltr'><strong><em>τε</em></strong></span> <span class='ocrx_word' id='word_1_139' title='bbox 643 2558 699 2636; x_wconf 82' lang='grc' dir='ltr'><strong><em>καὶ</em></strong></span> <span class='ocrx_word' id='word_1_140' title='bbox 722 2555 824 2644; x_wconf 83' lang='grc' dir='ltr'><strong><em>ὤρορε</em></strong></span> <span class='ocrx_word' id='word_1_141' title='bbox 846 2560 944 2635; x_wconf 82' lang='grc' dir='ltr'><strong><em>θεῖος</em></strong></span> <span class='ocrx_word' id='word_1_142' title='bbox 965 2553 1087 2639; x_wconf 81' lang='grc' dir='ltr'><strong><em>ἀοιδός,</em></strong></span> <span class='ocrx_word' id='word_1_143' title='bbox 1117 2571 1146 2640; x_wconf 62' lang='lat' dir='ltr'>Q</span> 
     </span>
    </p>

    <p class='ocr_par' dir='ltr' id='par_1_8' title="bbox 197 2656 1062 2752">
     <span class='ocr_line' id='line_1_21' title="bbox 197 2656 1062 2752; baseline 0.002 -26"><span class='ocrx_word' id='word_1_144' title='bbox 197 2675 250 2728; x_wconf 76' lang='lat'><strong><em>54⁰</em></strong></span> <span class='ocrx_word' id='word_1_145' title='bbox 267 2669 302 2729; x_wconf 78' lang='grc' dir='ltr'><strong><em>ἐκ</em></strong></span> <span class='ocrx_word' id='word_1_146' title='bbox 323 2660 434 2728; x_wconf 84' lang='grc' dir='ltr'><strong><em>τοῦδ’</em></strong></span> <span class='ocrx_word' id='word_1_147' title='bbox 451 2656 491 2728; x_wconf 76' lang='grc' dir='ltr'><strong><em>οὔ</em></strong></span> <span class='ocrx_word' id='word_1_148' title='bbox 511 2685 561 2726; x_wconf 86' lang='grc' dir='ltr'><strong><em>πω</em></strong></span> <span class='ocrx_word' id='word_1_149' title='bbox 583 2657 726 2728; x_wconf 83' lang='grc' dir='ltr'><strong><em>παύσατ’</em></strong></span> <span class='ocrx_word' id='word_1_150' title='bbox 746 2658 889 2752; x_wconf 81' lang='grc' dir='ltr'><strong><em>ὀιζυροῖο</em></strong></span> <span class='ocrx_word' id='word_1_151' title='bbox 911 2657 1005 2747; x_wconf 82' lang='grc' dir='ltr'><strong><em>γόοιο</em></strong></span> <span class='ocrx_word' id='word_1_152' title='bbox 1059 2737 1062 2743; x_wconf 48' lang='grc'><strong><em>,</em></strong></span> 
     </span>
    </p>

    <p class='ocr_par' dir='ltr' id='par_1_9' title="bbox 267 2758 1320 3160">
     <span class='ocr_line' id='line_1_22' title="bbox 268 2758 1241 2857; baseline 0.004 -24"><span class='ocrx_word' id='word_1_153' title='bbox 268 2764 286 2833; x_wconf 88' lang='lat'><em>6</em></span> <span class='ocrx_word' id='word_1_154' title='bbox 310 2763 429 2845; x_wconf 81' lang='grc' dir='ltr'><strong><em>ξεῖνος·</em></strong></span> <span class='ocrx_word' id='word_1_155' title='bbox 451 2761 544 2849; x_wconf 87' lang='grc' dir='ltr'><strong><em>μάλα</em></strong></span> <span class='ocrx_word' id='word_1_156' title='bbox 564 2761 630 2830; x_wconf 87' lang='grc' dir='ltr'><strong><em>πού</em></strong></span> <span class='ocrx_word' id='word_1_157' title='bbox 651 2787 708 2853; x_wconf 90' lang='grc' dir='ltr'><strong><em>μιν</em></strong></span> <span class='ocrx_word' id='word_1_158' title='bbox 731 2758 811 2849; x_wconf 87' lang='grc' dir='ltr'><strong><em>άχος</em></strong></span> <span class='ocrx_word' id='word_1_159' title='bbox 831 2769 959 2857; x_wconf 80' lang='grc' dir='ltr'><strong><em>φρένας</em></strong></span> <span class='ocrx_word' id='word_1_160' title='bbox 979 2763 1216 2856; x_wconf 71' lang='grc' dir='ltr'><strong><em>ἀμφιβέβηκεν.</em></strong></span> <span class='ocrx_word' id='word_1_161' title='bbox 1238 2828 1241 2837; x_wconf 94' lang='grc'><strong><em>.</em></strong></span> 
     </span>
     <span class='ocr_line' id='line_1_23' title="bbox 267 2862 1320 2955; baseline 0.001 -21"><span class='ocrx_word' id='word_1_162' title='bbox 267 2866 341 2935; x_wconf 83' lang='grc' dir='ltr'><strong><em>ἀλλ’</em></strong></span> <span class='ocrx_word' id='word_1_163' title='bbox 362 2862 415 2951; x_wconf 77' lang='lat'><strong><em>67‘</em></strong></span> <span class='ocrx_word' id='word_1_164' title='bbox 435 2865 453 2932; x_wconf 86' lang='lat'><em>6</em></span> <span class='ocrx_word' id='word_1_165' title='bbox 475 2871 536 2954; x_wconf 77' lang='grc' dir='ltr'><strong><em>μὲν</em></strong></span> <span class='ocrx_word' id='word_1_166' title='bbox 558 2872 720 2955; x_wconf 78' lang='grc' dir='ltr'><strong><em>σχεθέτω,</em></strong></span> <span class='ocrx_word' id='word_1_167' title='bbox 742 2866 786 2934; x_wconf 79' lang='grc' dir='ltr'><strong><em>ἵν’</em></strong></span> <span class='ocrx_word' id='word_1_168' title='bbox 806 2866 895 2952; x_wconf 77' lang='grc' dir='ltr'><strong><em>ὁμῶς</em></strong></span> <span class='ocrx_word' id='word_1_169' title='bbox 915 2866 1116 2955; x_wconf 80' lang='grc' dir='ltr'><strong><em>τερπώμεθα</em></strong></span> <span class='ocrx_word' id='word_1_170' title='bbox 1137 2865 1265 2947; x_wconf 81' lang='grc' dir='ltr'><strong><em>πάντες,</em></strong></span> <span class='ocrx_word' id='word_1_171' title='bbox 1291 2930 1295 2940; x_wconf 91' lang='grc'><strong><em>,</em></strong></span> <span class='ocrx_word' id='word_1_172' title='bbox 1317 2932 1320 2935; x_wconf 78' lang='grc'><strong><em>,</em></strong></span> 
     </span>
     <span class='ocr_line' id='line_1_24' title="bbox 267 2966 1214 3052; baseline -0.007 -14"><span class='ocrx_word' id='word_1_173' title='bbox 267 2966 447 3052; x_wconf 82' lang='grc' dir='ltr'><strong><em>ξεινοδόκοι</em></strong></span> <span class='ocrx_word' id='word_1_174' title='bbox 467 2973 523 3037; x_wconf 84' lang='grc' dir='ltr'><strong><em>καὶ</em></strong></span> <span class='ocrx_word' id='word_1_175' title='bbox 545 2969 663 3050; x_wconf 82' lang='grc' dir='ltr'><strong><em>ξεῖνος,</em></strong></span> <span class='ocrx_word' id='word_1_176' title='bbox 687 2973 754 3037; x_wconf 82' lang='grc' dir='ltr'><strong><em>έπελ</em></strong></span> <span class='ocrx_word' id='word_1_177' title='bbox 776 2966 863 3036; x_wconf 76' lang='grc' dir='ltr'><strong><em>πολε)</em></strong></span> <span class='ocrx_word' id='word_1_178' title='bbox 882 2967 1018 3038; x_wconf 85' lang='grc' dir='ltr'><strong><em>κάλλιον</em></strong></span> <span class='ocrx_word' id='word_1_179' title='bbox 1039 2967 1158 3046; x_wconf 78' lang='grc' dir='ltr'><strong><em>οὕτως·</em></strong></span> <span class='ocrx_word' id='word_1_180' title='bbox 1211 3024 1214 3031; x_wconf 87' lang='grc'><strong><em>.</em></strong></span> 
     </span>
     <span class='ocr_line' id='line_1_25' title="bbox 268 3067 1036 3197; baseline -0.007 -56"><span class='ocrx_word' id='word_1_181' title='bbox 268 3078 374 3141; x_wconf 77' lang='grc' dir='ltr'><strong><em>εἵνεκα</em></strong></span> <span class='ocrx_word' id='word_1_182' title='bbox 373 3067 460 3197; x_wconf 82' lang='grc' dir='ltr'><strong><em>γάρ</em></strong></span> <span class='ocrx_word' id='word_1_183' title='bbox 482 3071 601 3151; x_wconf 83' lang='grc' dir='ltr'><strong><em>ξείνοιο</em></strong></span> <span class='ocrx_word' id='word_1_184' title='bbox 622 3069 695 3137; x_wconf 83' lang='grc' dir='ltr'><strong><em>τάδ’</em></strong></span> <span class='ocrx_word' id='word_1_185' title='bbox 715 3073 857 3138; x_wconf 86' lang='grc' dir='ltr'><strong><em>αλδοίοιο</em></strong></span> <span class='ocrx_word' id='word_1_186' title='bbox 879 3075 1036 3149; x_wconf 80' lang='grc' dir='ltr'><strong><em>τέτακται,</em></strong></span> 
     </span>
    </p>

    <p class='ocr_par' dir='ltr' id='par_1_10' title="bbox 198 3156 1223 3578">
     <span class='ocr_line' id='line_1_26' title="bbox 198 3156 1170 3298; baseline -0.004 -56"><span class='ocrx_word' id='word_1_187' title='bbox 198 3191 250 3243; x_wconf 78' lang='grc'><strong><em>545</em></strong></span> <span class='ocrx_word' id='word_1_188' title='bbox 267 3198 383 3263; x_wconf 88' lang='grc' dir='ltr'><strong><em>πομπη</em></strong></span> <span class='ocrx_word' id='word_1_189' title='bbox 404 3178 461 3245; x_wconf 78' lang='grc' dir='ltr'><strong><em>καί</em></strong></span> <span class='ocrx_word' id='word_1_190' title='bbox 483 3176 568 3298; x_wconf 92' lang='grc' dir='ltr'><strong><em>φίλα</em></strong></span> <span class='ocrx_word' id='word_1_191' title='bbox 589 3175 695 3263; x_wconf 80' lang='grc' dir='ltr'><strong><em>δῶρα,</em></strong></span> <span class='ocrx_word' id='word_1_192' title='bbox 717 3169 759 3239; x_wconf 88' lang='grc' dir='ltr'><strong><em>τά</em></strong></span> <span class='ocrx_word' id='word_1_193' title='bbox 783 3177 813 3238; x_wconf 81' lang='grc' dir='ltr'><strong><em>οἱ</em></strong></span> <span class='ocrx_word' id='word_1_194' title='bbox 837 3173 971 3280; x_wconf 84' lang='grc' dir='ltr'><strong><em>δίδομεν</em></strong></span> <span class='ocrx_word' id='word_1_195' title='bbox 993 3156 1170 3264; x_wconf 82' lang='grc' dir='ltr'><strong><em>φιλέοντες.</em></strong></span> 
     </span>
     <span class='ocr_line' id='line_1_27' title="bbox 268 3271 1223 3362; baseline -0.006 -14"><span class='ocrx_word' id='word_1_196' title='bbox 268 3280 343 3348; x_wconf 82' lang='grc' dir='ltr'><strong><em>ἀντὶ</em></strong></span> <span class='ocrx_word' id='word_1_197' title='bbox 364 3274 578 3362; x_wconf 73' lang='grc' dir='ltr'><strong><em>κασιγνήτου</em></strong></span> <span class='ocrx_word' id='word_1_198' title='bbox 584 3271 696 3356; x_wconf 84' lang='grc' dir='ltr'><strong><em>ξεῖνός</em></strong></span> <span class='ocrx_word' id='word_1_199' title='bbox 709 3273 780 3340; x_wconf 66' lang='grc' dir='ltr'><strong><em>θ’*</em></strong></span> <span class='ocrx_word' id='word_1_200' title='bbox 769 3279 877 3355; x_wconf 81' lang='grc' dir='ltr'><strong><em>ικίτης</em></strong></span> <span class='ocrx_word' id='word_1_201' title='bbox 897 3299 931 3350; x_wconf 88' lang='grc' dir='ltr'><strong><em>τε</em></strong></span> <span class='ocrx_word' id='word_1_202' title='bbox 953 3280 1100 3345; x_wconf 84' lang='grc' dir='ltr'><strong><em>τέτακται</em></strong></span> <span class='ocrx_word' id='word_1_203' title='bbox 1220 3283 1223 3289; x_wconf 75' lang='grc'>’</span> 
     </span>
     <span class='ocr_line' id='line_1_28' title="bbox 267 3376 1205 3471; baseline -0.006 -23"><span class='ocrx_word' id='word_1_204' title='bbox 267 3380 373 3470; x_wconf 81' lang='grc' dir='ltr'><strong><em>ἀνέρι,</em></strong></span> <span class='ocrx_word' id='word_1_205' title='bbox 397 3376 434 3458; x_wconf 83' lang='grc' dir='ltr'><strong><em>ὅς</em></strong></span> <span class='ocrx_word' id='word_1_206' title='bbox 456 3406 476 3446; x_wconf 90' lang='grc' dir='ltr'><strong><em>τ</em></strong></span> <span class='ocrx_word' id='word_1_207' title='bbox 478 3379 619 3466; x_wconf 79' lang='grc' dir='ltr'><strong><em>’ὀλίγον</em></strong></span> <span class='ocrx_word' id='word_1_208' title='bbox 640 3403 700 3469; x_wconf 87' lang='grc' dir='ltr'><strong><em>περ</em></strong></span> <span class='ocrx_word' id='word_1_209' title='bbox 724 3378 867 3471; x_wconf 76' lang='grc' dir='ltr'><strong><em>ὲπιφαάη</em></strong></span> <span class='ocrx_word' id='word_1_210' title='bbox 889 3383 1114 3468; x_wconf 86' lang='grc' dir='ltr'><strong><em>πραπίδεσσιν.</em></strong></span> <span class='ocrx_word' id='word_1_211' title='bbox 1202 3436 1205 3442; x_wconf 91' lang='grc'><em>,</em></span> 
     </span>
     <span class='ocr_line' id='line_1_29' title="bbox 267 3479 1162 3578; baseline -0.006 -25"><span class='ocrx_word' id='word_1_212' title='bbox 267 3487 315 3570; x_wconf 73' lang='grc' dir='ltr'><strong><em>τῷ</em></strong></span> <span class='ocrx_word' id='word_1_213' title='bbox 336 3486 396 3550; x_wconf 82' lang='grc' dir='ltr'><strong><em>νῦν</em></strong></span> <span class='ocrx_word' id='word_1_214' title='bbox 416 3485 499 3569; x_wconf 77' lang='grc' dir='ltr'><strong><em>μηδὲ</em></strong></span> <span class='ocrx_word' id='word_1_215' title='bbox 521 3479 562 3549; x_wconf 81' lang='grc' dir='ltr'><strong><em>σὺ</em></strong></span> <span class='ocrx_word' id='word_1_216' title='bbox 582 3485 684 3578; x_wconf 84' lang='grc' dir='ltr'><strong><em>κεῦθε</em></strong></span> <span class='ocrx_word' id='word_1_217' title='bbox 705 3479 851 3569; x_wconf 86' lang='grc' dir='ltr'><strong><em>νοήμασι</em></strong></span> <span class='ocrx_word' id='word_1_218' title='bbox 871 3485 1092 3572; x_wconf 81' lang='grc' dir='ltr'><strong><em>κερδαλέοισιν</em></strong></span> <span class='ocrx_word' id='word_1_219' title='bbox 1158 3495 1162 3500; x_wconf 89' lang='grc'><strong>’</strong></span> 
     </span>
    </p>

    <p class='ocr_par' dir='ltr' id='par_1_11' title="bbox 269 3581 1198 3673">
     <span class='ocr_line' id='line_1_30' title="bbox 269 3581 1198 3673; baseline -0.006 -19"><span class='ocrx_word' id='word_1_220' title='bbox 269 3584 288 3654; x_wconf 90' lang='lat'><em>6</em></span> <span class='ocrx_word' id='word_1_221' title='bbox 311 3588 365 3652; x_wconf 87' lang='grc' dir='ltr'><strong><em>ττί</em></strong></span> <span class='ocrx_word' id='word_1_222' title='bbox 385 3583 473 3656; x_wconf 81' lang='grc' dir='ltr'><strong><em>κέσῖ</em></strong></span> <span class='ocrx_word' id='word_1_223' title='bbox 494 3584 643 3671; x_wconf 77' lang='grc' dir='ltr'><strong><em>εἴρωμαι·</em></strong></span> <span class='ocrx_word' id='word_1_224' title='bbox 667 3582 807 3673; x_wconf 87' lang='grc' dir='ltr'><strong><em>φάσθαι</em></strong></span> <span class='ocrx_word' id='word_1_225' title='bbox 829 3586 864 3650; x_wconf 89' lang='grc' dir='ltr'><strong><em>δέ</em></strong></span> <span class='ocrx_word' id='word_1_226' title='bbox 886 3604 923 3648; x_wconf 90' lang='grc' dir='ltr'><strong><em>σε</em></strong></span> <span class='ocrx_word' id='word_1_227' title='bbox 945 3581 1080 3649; x_wconf 88' lang='grc' dir='ltr'><strong><em>κάλλιόν</em></strong></span> <span class='ocrx_word' id='word_1_228' title='bbox 1101 3589 1198 3654; x_wconf 81' lang='grc' dir='ltr'><strong><em>ἐστιν.</em></strong></span> 
     </span>
    </p>

    <p class='ocr_par' dir='ltr' id='par_1_12' title="bbox 200 3671 1265 4182">
     <span class='ocr_line' id='line_1_31' title="bbox 200 3671 1254 3774; baseline 0 -20"><span class='ocrx_word' id='word_1_229' title='bbox 200 3702 251 3754; x_wconf 90' lang='grc'><strong><em>550</em></strong></span> <span class='ocrx_word' id='word_1_230' title='bbox 269 3686 330 3756; x_wconf 88' lang='grc' dir='ltr'><strong><em>ε’ίπ’</em></strong></span> <span class='ocrx_word' id='word_1_231' title='bbox 353 3671 454 3771; x_wconf 79' lang='grc' dir='ltr'><strong><em>ὄνομ’,</em></strong></span> <span class='ocrx_word' id='word_1_232' title='bbox 477 3681 496 3750; x_wconf 91' lang='lat'><em>6</em></span> <span class='ocrx_word' id='word_1_233' title='bbox 518 3689 570 3749; x_wconf 89' lang='grc' dir='ltr'><strong><em>ττί</em></strong></span> <span class='ocrx_word' id='word_1_234' title='bbox 592 3707 629 3755; x_wconf 84' lang='grc' dir='ltr'><strong><em>σε</em></strong></span> <span class='ocrx_word' id='word_1_235' title='bbox 650 3685 742 3750; x_wconf 85' lang='grc' dir='ltr'><strong><em>κεῖθι</em></strong></span> <span class='ocrx_word' id='word_1_236' title='bbox 762 3682 882 3751; x_wconf 86' lang='grc' dir='ltr'><strong><em>κάλεον</em></strong></span> <span class='ocrx_word' id='word_1_237' title='bbox 903 3681 1011 3772; x_wconf 85' lang='grc' dir='ltr'><strong><em>μήτηρ</em></strong></span> <span class='ocrx_word' id='word_1_238' title='bbox 1033 3709 1068 3750; x_wconf 86' lang='grc' dir='ltr'><strong><em>τε</em></strong></span> <span class='ocrx_word' id='word_1_239' title='bbox 1081 3682 1254 3774; x_wconf 72' lang='grc' dir='ltr'><strong><em>»πατήρτε</em></strong></span> 
     </span>
     <span class='ocr_line' id='line_1_32' title="bbox 268 3780 1141 3874; baseline -0.009 -15"><span class='ocrx_word' id='word_1_240' title='bbox 268 3787 365 3858; x_wconf 87' lang='grc' dir='ltr'><strong><em>άλλοι</em></strong></span> <span class='ocrx_word' id='word_1_241' title='bbox 387 3783 429 3851; x_wconf 85' lang='grc' dir='ltr'><strong><em>θ’</em></strong></span> <span class='ocrx_word' id='word_1_242' title='bbox 449 3790 481 3852; x_wconf 86' lang='grc' dir='ltr'><strong><em>οὶ</em></strong></span> <span class='ocrx_word' id='word_1_243' title='bbox 502 3780 588 3850; x_wconf 80' lang='grc' dir='ltr'><strong><em>κατά</em></strong></span> <span class='ocrx_word' id='word_1_244' title='bbox 611 3780 694 3852; x_wconf 85' lang='grc' dir='ltr'><strong><em>άστυ</em></strong></span> <span class='ocrx_word' id='word_1_245' title='bbox 714 3789 771 3852; x_wconf 81' lang='grc' dir='ltr'><strong><em>καὶ</em></strong></span> <span class='ocrx_word' id='word_1_246' title='bbox 793 3788 827 3855; x_wconf 78' lang='grc' dir='ltr'><strong><em>οἳ</em></strong></span> <span class='ocrx_word' id='word_1_247' title='bbox 847 3783 1141 3874; x_wconf 84' lang='grc' dir='ltr'><strong><em>περιναιετάουσιν·</em></strong></span> 
     </span>
     <span class='ocr_line' id='line_1_33' title="bbox 269 3884 1208 3978; baseline 0 -18"><span class='ocrx_word' id='word_1_248' title='bbox 269 3893 309 3960; x_wconf 83' lang='grc' dir='ltr'><strong><em>οὐ</em></strong></span> <span class='ocrx_word' id='word_1_249' title='bbox 329 3894 391 3978; x_wconf 82' lang='grc' dir='ltr'><strong><em>μὲν</em></strong></span> <span class='ocrx_word' id='word_1_250' title='bbox 412 3885 476 3976; x_wconf 76' lang='grc' dir='ltr'><strong><em>γάρ</em></strong></span> <span class='ocrx_word' id='word_1_251' title='bbox 497 3912 547 3966; x_wconf 89' lang='grc' dir='ltr'><strong><em>τις</em></strong></span> <span class='ocrx_word' id='word_1_252' title='bbox 568 3884 708 3972; x_wconf 81' lang='grc' dir='ltr'><strong><em>πάμπαν</em></strong></span> <span class='ocrx_word' id='word_1_253' title='bbox 728 3886 902 3974; x_wconf 79' lang='grc' dir='ltr'><strong><em>ἀνώνυμός</em></strong></span> <span class='ocrx_word' id='word_1_254' title='bbox 923 3888 991 3958; x_wconf 75' lang='grc' dir='ltr'><strong><em>ἐστ’</em></strong></span> <span class='ocrx_word' id='word_1_255' title='bbox 1010 3887 1208 3978; x_wconf 78' lang='grc' dir='ltr'><strong><em>ἀνθρώπων,</em></strong></span> 
     </span>
     <span class='ocr_line' id='line_1_34' title="bbox 268 3987 1235 4084; baseline -0.001 -21"><span class='ocrx_word' id='word_1_256' title='bbox 268 3994 310 4064; x_wconf 74' lang='grc' dir='ltr'><strong><em>οὐ</em></strong></span> <span class='ocrx_word' id='word_1_257' title='bbox 329 3987 430 4072; x_wconf 83' lang='grc' dir='ltr'><strong><em>κακός</em></strong></span> <span class='ocrx_word' id='word_1_258' title='bbox 452 3990 526 4060; x_wconf 83' lang='grc' dir='ltr'><strong><em>οὐδὲ</em></strong></span> <span class='ocrx_word' id='word_1_259' title='bbox 547 3995 613 4077; x_wconf 77' lang='grc' dir='ltr'><strong><em>μὲν.</em></strong></span> <span class='ocrx_word' id='word_1_260' title='bbox 629 3990 768 4072; x_wconf 81' lang='grc' dir='ltr'><strong><em>ἐσθλός,</em></strong></span> <span class='ocrx_word' id='word_1_261' title='bbox 791 3987 872 4084; x_wconf 81' lang='grc' dir='ltr'><strong><em>ἐπήν</em></strong></span> <span class='ocrx_word' id='word_1_262' title='bbox 894 3987 942 4060; x_wconf 82' lang='grc' dir='ltr'><strong><em>τά·</em></strong></span> <span class='ocrx_word' id='word_1_263' title='bbox 956 3995 1071 4082; x_wconf 75' lang='grc' dir='ltr'><strong><em>πρῶτα</em></strong></span> <span class='ocrx_word' id='word_1_264' title='bbox 1092 4001 1235 4080; x_wconf 72' lang='grc' dir='ltr'><strong><em>γένηται,</em></strong></span> 
     </span>
     <span class='ocr_line' id='line_1_35' title="bbox 269 4095 1265 4182; baseline 0.005 -20"><span class='ocrx_word' id='word_1_265' title='bbox 269 4095 342 4164; x_wconf 79' lang='grc' dir='ltr'><strong><em>ἀλλ’</em></strong></span> <span class='ocrx_word' id='word_1_266' title='bbox 362 4099 414 4166; x_wconf 69' lang='grc' dir='ltr'><strong><em>ἐπὶ</em></strong></span> <span class='ocrx_word' id='word_1_267' title='bbox 436 4099 519 4164; x_wconf 83' lang='grc' dir='ltr'><strong><em>πάσι</em></strong></span> <span class='ocrx_word' id='word_1_268' title='bbox 540 4097 707 4178; x_wconf 87' lang='grc' dir='ltr'><strong><em>τίθεν-ται,</em></strong></span> <span class='ocrx_word' id='word_1_269' title='bbox 730 4099 800 4170; x_wconf 75' lang='grc' dir='ltr'><strong><em>ἐπεί</em></strong></span> <span class='ocrx_word' id='word_1_270' title='bbox 821 4118 857 4164; x_wconf 87' lang='grc' dir='ltr'><strong><em>κε</em></strong></span> <span class='ocrx_word' id='word_1_271' title='bbox 878 4101 1007 4179; x_wconf 83' lang='grc' dir='ltr'><strong><em>τέκωσι,</em></strong></span> <span class='ocrx_word' id='word_1_272' title='bbox 1028 4102 1153 4182; x_wconf 86' lang='grc' dir='ltr'><strong><em>τοκῆες.</em></strong></span> <span class='ocrx_word' id='word_1_273' title='bbox 1236 4134 1265 4150; x_wconf 49' lang='grc' dir='ltr'><strong><em>ι’</em></strong></span> 
     </span>
    </p>
   </div>
   <div class='ocr_carea' id='block_1_3' title="bbox 0 0 1658 4917">
    <p class='ocr_par' dir='ltr' id='par_1_13' title="bbox 0 0 1658 4917">
     <span class='ocr_line' id='line_1_36' title="bbox 0 0 1658 4917; baseline 0 0"><span class='ocrx_word' id='word_1_274' title='bbox 0 0 1658 4917; x_wconf 95' lang='lat' dir='ltr'><strong><em> </em></strong></span> 
     </span>
    </p>
   </div>
  </div>
 </body>
</html>
