3259 4917
621 596 861 653 ΟΔΥΣΣΕΙΑΣ
886 596 914 650 11

174 752 223 817 16
240 754 300 817 τοῦ
321 754 381 818 νῦν
404 748 495 827 οἶκον
518 746 637 843 άτιμον
651 746 754 831 λίθοις,
776 748 870 837 μνάη
891 752 927 817 δέ
947 758 1089 837 γυναῖκα

239 851 345 921 παῖδά
366 852 394 919 τ’
415 852 628 933 ἀποκτείνεις,
651 857 706 939 ἐμὲ
729 856 763 919 δέ
784 850 934 939 μεγάλως
955 851 1137 939 ἀκαχίζεις·

240 954 327 1023 ἀλλά
349 978 385 1022 σε
406 953 609 1023 παύσασθαι
629 957 766 1042 κέλομαι
786 960 843 1023 καὶ
863 954 1031 1043 ἀνωγέμεν
1050 952 1204 1034 ἀλλους.»
1260 1019 1264 1025 .

255 1070 259 1075 ’
284 1056 346 1139 τήν
367 1057 398 1124 δ’
415 1050 486 1125 αὖτ’
505 1054 702 1144 Εὐρύμαχος
723 1056 886 1145 Πολύβου
906 1070 985 1136 mac
1006 1058 1121 1127 ἀντίον
1143 1052 1228 1138 ηύάο
1283 1120 1286 1127 .

159 1174 221 1227 435
247 1158 369 1249 οκούρη
389 1160 547 1248 Ἰκαρίοιο·
567 1164 730 1252 περίφρον
746 1159 973 1242 Πηνελόπεια,

240 1258 379 1350 θάρσει·
400 1261 521 1349 μήτοι
542 1267 647 1329 ταῦτα
668 1260 750 1359 μετά
774 1269 873 1357 φρεσὶ
892 1270 969 1355 σῇσι
989 1260 1165 1351 μελόντων.
1227 1330 1231 1335 ,

240 1365 300 1434 ούκ
321 1366 397 1433 ἔσθ’
418 1358 514 1452 οὗτος
535 1364 636 1454 ἀνήρ,
659 1364 728 1433 οὐδ’
747 1370 904 1447 έσσεται,
918 1366 992 1433 ούὸἐ
1014 1373 1156 1451 γένηται,

241 1467 279 1547 ός
300 1493 355 1535 κεν
383 1467 561 1554 Τηλεμάχῳ
584 1471 633 1552 σῷ
654 1473 715 1546 υἱέι
733 1477 848 1558 χεῖρας
869 1474 994 1535 ἐποίσει

241 1570 381 1653 ζώοντός
401 1571 432 1657 γ’
448 1574 648 1661 ἐμέθενκαί
669 1575 722 1637 ἐπὶ
741 1574 849 1657 χθονί
874 1572 1093 1660 δερκομένοιο.
1148 1605 1152 1612 -

163 1688 223 1740 440
241 1669 302 1742 ὦδε
324 1672 388 1763 γάρ
411 1674 538 1761 ἐξερέω,
560 1679 616 1744 καί
637 1668 704 1759 μὴν
726 1678 954 1760 τετελεσμένον
974 1679 1083 1743 έσται·

241 1776 330 1871 αἶψά
352 1784 383 1845 οἱ
405 1776 489 1864 αἷμα
509 1774 660 1845 κελαινὸν
683 1775 818 1864 ἐρωήσει
839 1782 913 1863 περὶ
936 1780 1029 1864 δουρί

240 1882 400 1969 ἡμετέρῳ,
421 1884 490 1946 ἐπεὶ
511 1872 534 1965 ἦ
555 1886 611 1973 καί
633 1884 687 1965 ἐμὲ
709 1882 940 1967 πτολίπορθος
958 1876 1131 1955 Ὀδυσσεύς

241 1980 380 2051 πολλάκι
400 1982 559 2066 γούνασιν
578 1980 668 2051 οἶσιν
687 1980 916 2073 ἐφεσσάμενος
939 1986 1037 2070 κρέας
1059 1977 1162 2049 ὀπτόν

241 2094 277 2154 ἐν
295 2091 458 2175 χείρεσσιν
478 2090 615 2168 έθηκεν,
637 2092 748 2172 ἐπέσχε
769 2110 805 2152 τε
828 2084 920 2152 οἶνον
941 2082 1097 2173 ἐρυθρόν.

168 2200 223 2251 445
242 2194 289 2277 τῷ
309 2216 368 2277 μοι
395 2194 585 2277 Τηλέμαχος
604 2186 739 2255 πάντων
760 2184 845 2255 πολύ
861 2183 1026 2276 ,φίλτατός
1047 2194 1137 2254 ἐστιν

242 2293 386 2382 ἀνδρῶν,
409 2291 482 2359 ούὸέ
506 2295 538 2357 τί
558 2314 615 2375 μιν
637 2287 795 2357 θάνατον
816 2291 1031 2376 τρομέεσθαι
1042 2285 1157 2374 ἀνωγα

243 2401 277 2466 ἐκ
298 2421 333 2482 γε
355 2390 566 2483 μνηστήρων·
589 2389 722 2458 θεόθεν
743 2392 775 2459 δ’
792 2390 850 2459 οὐκ
872 2389 1160 2459 έστῖἀλέασθαιι»
1230 2430 1233 2439 -

243 2496 286 2577 εἰς
308 2497 396 2591 φάτο
419 2492 615 2583 θαρσύνων,
635 2500 682 2581 τῷ
705 2494 734 2561 δ’
754 2491 871 2584 ἤρτυεν
891 2490 993 2573 αύτάς
1014 2490 1170 2583 ὄλεθρον.
1239 2552 1244 2561 .

287 2601 307 2681 ή
330 2603 389 2685 μὲν
411 2596 465 2687 ἀρ’
485 2599 677 2683 εἰσαναβᾶσ’
697 2596 840 2689 ὑπερόια
860 2595 1057 2683 σιγαλόεντα

170 2717 225 2769 450
242 2707 353 2770 κλαῖεν
375 2700 470 2769 ἔπειτ’
486 2701 629 2783 Ὀδυσῆα
652 2706 752 2795 φίλον
773 2700 887 2782 πόσιν,
909 2697 1000 2801 όφροι
1023 2707 1055 2770 οί
1077 2700 1182 2801 ύπνον

243 2802 325 2887 ἡδύν
347 2803 619 2895 έπίβλεφάροισι
639 2803 722 2891 βάλε
744 2810 929 2895 γλαυκῶπις
948 2802 1088 2887 Ἀθήνη.

243 2914 389 2997 ἑσπέριος
411 2910 438 2974 δ’
456 2908 590 2988 Ὀδυσῆι
611 2912 668 2975 καὶ
689 2915 751 2976 υἱέι
771 2912 844 2986 δῖος
864 2907 1014 2999 ὑφορβός

243 3007 385 3092 ήλυθεν·
408 3016 439 3076 οἱ
462 3009 492 3076 δ’
508 3006 575 3097 άρα
595 3008 725 3098 δόρπον
747 3008 924 3077 ἐπισταδὸν
945 3010 1128 3089 ὁπλίζοντο,

245 3118 304 3181 σῦν
325 3111 525 3201 ἱερεύσαντες
547 3110 721 3177 ἐνιαύσιον.
751 3111 856 3197 αύτάρ
876 3108 1005 3191 Ἀθήνη

175 3228 227 3280 455
245 3212 320 3303 ἀγχι
341 3221 567 3304 παρισταμένη
590 3212 805 3299 Λαερτιάδην
824 3213 969 3295 Ὀδυσῆα

244 3316 358 3407 ῥάβδῳ
379 3322 569 3404 πεπληγυῖα
584 3315 683 3391 πάλιν
708 3322 826 3398 ποίησε
847 3323 994 3406 γέροντα,
1063 3325 1072 3379 .’

243 3417 348 3508 λυγρά
370 3426 405 3489 δέ
426 3428 545 3507 είματα
568 3428 641 3489 έσσε
661 3424 738 3509 περὶ
756 3427 846 3511 χροΐ,
868 3419 915 3507 μή
936 3427 952 3488 έ
975 3420 1123 3507 συβώτης

243 3527 338 3609 γνοίη
361 3522 482 3589 ἐσάντα
505 3522 598 3603 ίδιίν,
619 3528 675 3590 καὶ
697 3530 850 3615 ἐχέφρονι
873 3527 1081 3614 Πηνελοπείῃ
1134 3561 1138 3567 ·

244 3629 341 3695 έλθοι
363 3625 590 3710 ἀπαγγέλλων,
612 3629 695 3709 μηδὲ
718 3630 835 3715 φρεσὶν
856 3622 1051 3707 εἰρύσσαιτο.

177 3740 228 3793 460
289 3724 348 3794 τόν
363 3732 425 3793 καὶ
452 3731 642 3813 Τηλέμαχος
663 3725 822 3810 πρότερος
841 3721 926 3811 πρός
946 3728 1062 3809 μῦθον
1083 3728 1194 3793 έειπεν.

251 3823 391 3913 «ἦλθες,
415 3830 457 3897 δῖ’
475 3822 609 3915 Εύμαιε.
638 3832 671 3894 τί
694 3824 734 3907 δή
755 3832 849 3905 κλέος
870 3826 936 3893 ἐστ’
956 3823 1021 3893 ἀνά
1044 3825 1146 3910 ἀστυς

244 3926 268 4016 ἦ
289 3934 320 4021 ῥ’
340 3930 403 4015 ήδη
424 3935 605 4019 μνηστῆρες
627 3927 786 4017 ἀγήνορες
808 3934 903 3997 ένδον
924 3934 1017 4000 ἔωσιν
1112 4006 1115 4011 ,

245 4044 279 4103 ἐκ
301 4035 415 4123 λόχου,
439 4030 459 4117 ἦ
481 4040 526 4103 έτι
548 4034 583 4120 μ’
602 4025 685 4099 αὖθ’
707 4031 852 4121 εἰρύαται
874 4032 979 4119 οίκαό
998 4030 1131 4117 ἰόντας»

291 4137 347 4206 τόν
369 4139 398 4205 ‹5'
418 4136 682 4225 ἀπαμειβόμενος
703 4144 886 4227 προσέφης,
911 4132 1033 4224 Εύμιιιε
1057 4142 1197 4224 συβῶτα.
