3259 4917
625 526 863 587 ΟΔΥΣΣΕΙΛΣ
889 532 917 584 Ν
1245 532 1297 587 197

105 733 108 741 .
179 682 222 749 13
237 684 294 751 καὶ
315 676 380 772 γάρ
403 682 464 748 νῦν
483 680 615 765 Ὀδυσῆ’
627 681 769 775 ἐφάμην
789 680 877 756 κακά
897 680 1006 751 πολλά
1028 681 1191 751 παθόντα

240 782 345 852 οἴκαδ’
365 782 576 853 ἐλεύσεσθαι·
599 784 720 854 νόστου
743 790 777 853 δέ
801 794 833 854 οἱ
857 784 896 854 ού
917 786 991 854 ποτ’
1012 785 1169 875 ἀπηύρων
1257 816 1262 825 ’

238 886 362 975 πάγχυ,
385 892 455 955 ἐπεὶ
478 884 518 956 σύ
539 893 672 977 πρῶτον
691 889 829 975 ὑπέσχεο
851 896 908 957 καὶ
930 896 1135 968 κατένευσας.

239 996 272 1057 οἱ
295 990 324 1057 δ’
345 988 471 1058 εὕδοντ’
499 986 535 1057 έν
556 996 610 1073 νηὶ
634 994 704 1085 θοῇ
726 998 778 1059 ἐπὶ
801 991 926 1061 πόντον
948 992 1085 1079 ἀγοντες

99 1134 107 1147 ·
167 1104 220 1155 135
238 1092 413 1161 κάτθεσαν
436 1102 482 1161 είν
501 1092 634 1187 Ἰθάκη,
660 1098 780 1163 έὸοσαν
803 1100 838 1163 δέ
861 1102 892 1164 οἱ
914 1093 1026 1181 ἀγλαά
1048 1099 1148 1185 δῶρα,

234 1195 362 1282 χαλκόν
384 1222 418 1265 τε
438 1196 562 1287 χρυσόν
585 1223 618 1264 τε
641 1196 715 1276 ἀλις
737 1191 869 1281 ἐσθῆτά
892 1199 931 1265 θ’
950 1196 1111 1291 ὑφαντήν,
1144 1206 1147 1213 “

238 1298 341 1389 πόλλ’,
364 1297 415 1367 όσ’
437 1297 480 1367 ἀν
503 1300 577 1369 οὐδέ
599 1326 678 1367 ποτε
707 1306 829 1388 Τροίης
851 1300 981 1389 ἐξήρατ’
998 1299 1179 1382 Ὀδυσσεύς,

240 1403 270 1469 εί
289 1428 354 1492 περ·
372 1400 512 1487 ἀπήμων
534 1396 639 1485 η’λθε,
661 1401 770 1491 λαχών
792 1402 862 1471 ἀπό
884 1408 1001 1487 ληίδος
1019 1402 1150 1470 αἶσαν.»

284 1502 344 1573 τὸν
365 1504 395 1573 δ’
414 1504 681 1592 ἀπαμειβόμενος
703 1514 857 1599 προσέφη
875 1508 1117 1601 νεφεληγερέτα
1141 1506 1223 1584 Ζεύς

169 1620 222 1673 110
243 1604 294 1675 σά
314 1606 432 1688 πόποι,
455 1610 631 1695 ἐννοσίγαι’
652 1610 861 1697 εὐρυσθενές,
888 1610 962 1678 οἷον
983 1615 1094 1689 ἐειπες.

241 1708 280 1780 ού
301 1716 335 1778 τί
357 1712 387 1778 σ’
407 1710 601 1797 ἀτιμάζουσι
620 1718 718 1783 θεοί·
739 1710 892 1800 χαλεπόν
912 1717 946 1781 δέ
968 1738 1023 1780 κεν
1046 1714 1094 1795 είη

128 1884 151 1909 0
239 1812 466 1903 πρεσβύτατον
488 1803 544 1883 καὶ
567 1812 703 1906 ἀριστον
726 1817 893 1908 ἀτιμίῃσιν
916 1815 1049 1883 ἰάλλειν.

240 1918 370 2007 ἀνδρῶν
393 1918 421 1983 δ’
437 1918 467 1985 εί
486 1926 546 2007 πέρ
569 1924 618 1997 τίς
641 1941 675 1987 σε
698 1923 754 2012 βίη
776 1924 832 1985 καὶ
853 1917 967 2007 κάρτεϊ
989 1919 1081 1985 ε’ίκων

241 2016 281 2087 ού
302 2032 337 2088 τί
355 2025 429 2100 τίει,
453 2026 506 2089 σοὶ
530 2021 559 2089 δ’
579 2026 647 2089 ἐστι
668 2027 724 2089 καὶ
745 2024 886 2103 ἐξοπίσω
908 2026 993 2101 τίσις
1014 2026 1087 2089 αίεί.
1147 2054 1158 2069 ’-
1222 2073 1225 2080 .

170 2123 335 2214 1451ρξον
358 2121 445 2203 ὅπως
467 2129 594 2203 ’ἐθέλεις
615 2129 673 2191 καί
693 2151 744 2191 τοι
767 2129 867 2216 φίλον
888 2130 1003 2191 έπλετο
1025 2126 1159 2208 θυμῷ.»
1228 2131 1230 2134 ’
1269 2144 1273 2147 ’

284 2224 343 2294 τόν
366 2227 395 2294 δ’
416 2228 559 2312 ἠμείβετ’
579 2231 689 2293 ἔπειτα
712 2224 911 2293 Ποσειδάων
933 2224 1119 2321 ἐνοσίχθων

247 2327 356 2419 «αἶψά
377 2330 406 2395 κ’
426 2326 508 2415 ἐγάν
530 2330 674 2417 ἐρξαιμι,
695 2334 896 2419 κελαινεφές,
919 2328 962 2405 ὡς
984 2325 1165 2415 ἀγορεύεις·

240 2430 324 2501 ἀλλά
349 2428 409 2501 σὸν
433 2437 496 2498 αίεὶ
519 2428 634 2517 θυμόν
656 2431 812 2517 ὀπίζομαι
833 2430 886 2512 ἠδ’
906 2430 1050 2507 ἀλεείνω.

186 2540 189 2544 ’
240 2542 300 2605 νῦν
321 2529 365 2604 αὖ
389 2534 548 2617 Φαιήκων
569 2539 676 2602 ἐθέλω
700 2539 896 2624 περικαλλέα
916 2538 992 2616 νῆα,

172 2657 223 2709 150
241 2648 277 2712 ἐκ,
296 2645 431 2727 πομπῆς
452 2639 628 2719 ἀνιοῦσαν,
650 2645 686 2705 ἐν
707 2637 865 2727 ἠεροειδέι
885 2636 996 2723 πόντῳ

185 2794 191 2800 ,
240 2748 370 2831 ῥαῖσαι,
393 2743 435 2809 ἵν’
455 2739 518 2826 ήδη
542 2746 700 2830 σχῶνται,
723 2739 935 2825 ἀπολλήξωσι
956 2746 990 2809 δὲ
1011 2742 1146 2828 πομπῆς

240 2844 445 2933 ἀνθρώπων,
466 2854 552 2933 μέγα
575 2850 610 2913 δέ
633 2869 713 2937 σφιν
736 2842 814 2935 ὅρος
834 2844 929 2913 πόλει
951 2845 1218 2937 ἀμφικαλύψαι.»

284 2945 344 3016 τόν
366 2949 396 3015 δ’
415 2949 683 3037 ἀπαμειβόμενος
704 2955 857 3039 προσέφη
879 2952 1116 3037 νεφεληγερέτα
1139 2945 1220 3024 Ζεύς

248 3043 298 3117 «ὦ
319 3059 437 3133 πέπον,
460 3053 503 3130 ὡς
524 3057 584 3137 μὲν
606 3057 673 3137 ἐμῷ
695 3040 801 3136 θυμῷΙ
819 3054 908 3117 δοκεῖ
929 3048 1013 3115 εἶναι
1034 3046 1163 3136 ἀριστα,

173 3166 223 3218 155
242 3153 363 3222 ὁππότε
385 3179 441 3222 κεν
464 3151 504 3235 δή
526 3152 646 3231 πάντες
669 3157 890 3238 ἐλαυνομένην
910 3155 1110 3240 προίδωνται

241 3260 316 3326 λαοὶ
340 3254 406 3325 ἀπὸ
429 3256 577 3337 πτόλιος,
600 3260 715 3323 θεῖναι
737 3260 841 3323 λίθον
862 3252 983 3341 ἐγγύθι
1003 3260 1101 3341 γαίης

241 3365 294 3443 νηὶ
317 3365 388 3453 θοῇ
410 3361 530 3442 ἴκελον,
554 3365 609 3427 ίνα
632 3356 853 3447 θαυμάζωσιν
874 3356 1018 3437 άπαντες

241 3461 432 3551 ἀνθρωποι,
454 3473 539 3552 μέγα
563 3467 597 3530 δέ
621 3489 702 3554 σφιν
724 3458 802 3552 ὅρος
823 3460 916 3529 πόλει
938 3459 1183 3552 ἀμφικαλύψαι.
1191 3487 1206 3513 »

286 3564 391 3652 αιίτάρ
415 3572 482 3633 ἐπεὶ
505 3565 544 3633 τό
565 3566 595 3651 γ’
616 3563 735 3634 άκουσε
759 3562 958 3631 Ποσειδάων
979 3566 1175 3647 ἐνοσίχθων,

172 3676 223 3727 160
240 3672 288 3757 βῆ
309 3668 340 3756 ῥ’
357 3669 432 3752 ίμεν
455 3676 487 3745 ἐς
508 3668 674 3751 Σχερίην,
698 3665 761 3733 ὅθι
786 3670 930 3744 Φαίηκες
951 3661 1118 3749 γεγάασιν.

241 3770 317 3839 ἐνθ’
337 3768 439 3855 ἔμεν’·
462 3769 482 3851 ή
507 3772 548 3835 δέ.
563 3765 654 3853 μάλα
678 3766 795 3854 σχεδόν
816 3763 926 3848 ήλυθε
946 3763 1152 3855 ποντοπόρος
1174 3767 1253 3847 νηῦς

241 3878 352 3966 ῥίμφα
374 3875 562 3959 διωκομένη.
593 3873 651 3951 τῆς
673 3874 707 3937 δέ
730 3867 847 3956 σχεδὸν
868 3862 953 3950 ἦλθ’
973 3872 1167 3955 ἐνοσίχθων,

242 3974 279 4054 ὅς
300 4001 357 4063 μιν
379 3978 467 4041 λάαν
488 3978 589 4055 ἔθηκε
610 3978 668 4044 καὶ
690 3976 859 4065 ἐρρίζωσεν
882 3976 1019 4061 ένερθευ

239 4083 323 4169 χειρὶ
344 4087 545 4169 καταπρηνεῖ
566 4073 703 4156 ἐλάσας·
731 4077 749 4145 ὁ
773 4080 807 4145 δὲ
830 4074 933 4169 νόσφι
953 4070 1094 4161 βεβήκει.
