<?xml version="1.0" encoding="UTF-8"?>
<!DOCTYPE html PUBLIC "-//W3C//DTD XHTML 1.0 Transitional//EN"
    "http://www.w3.org/TR/xhtml1/DTD/xhtml1-transitional.dtd">
<html xmlns="http://www.w3.org/1999/xhtml" xml:lang="en" lang="en">
 <head>
  <title>
</title>
<meta http-equiv="Content-Type" content="text/html;charset=utf-8" />
  <meta name='ocr-system' content='tesseract 3.04.00' />
  <meta name='ocr-capabilities' content='ocr_page ocr_carea ocr_par ocr_line ocrx_word'/>
</head>
<body>
  <div class='ocr_page' id='page_1' title='image "./homeriodyssea00bekkgoog_0298.png"; bbox 0 0 3259 4917; ppageno 0'>
   <div class='ocr_carea' id='block_1_1' title="bbox 615 566 919 626">
    <p class='ocr_par' dir='ltr' id='par_1_1' title="bbox 615 566 919 626">
     <span class='ocr_line' id='line_1_1' title="bbox 615 566 919 626; baseline 0 -1"><span class='ocrx_word' id='word_1_1' title='bbox 615 568 854 626; x_wconf 80' lang='grc' dir='ltr'><strong>ΟΔΥΣΣΕΙΑΣ</strong></span> <span class='ocrx_word' id='word_1_2' title='bbox 882 566 919 625; x_wconf 75' lang='lat' dir='ltr'><strong><em>T&#39;</em></strong></span> 
     </span>
    </p>
   </div>
   <div class='ocr_carea' id='block_1_2' title="bbox 158 720 1278 3917">
    <p class='ocr_par' dir='ltr' id='par_1_2' title="bbox 158 720 1278 3917">
     <span class='ocr_line' id='line_1_2' title="bbox 175 720 1193 816; baseline 0.007 -25"><span class='ocrx_word' id='word_1_3' title='bbox 175 724 218 791; x_wconf 89' lang='grc'><strong><em>19</em></strong></span> <span class='ocrx_word' id='word_1_4' title='bbox 231 724 271 813; x_wconf 78' lang='grc' dir='ltr'><strong><em>τῇ</em></strong></span> <span class='ocrx_word' id='word_1_5' title='bbox 292 720 541 816; x_wconf 78' lang='grc' dir='ltr'><em>τρισκαιδεκάτῃ</em></span> <span class='ocrx_word' id='word_1_6' title='bbox 564 723 596 791; x_wconf 81' lang='grc' dir='ltr'><strong><em>δ’</em></strong></span> <span class='ocrx_word' id='word_1_7' title='bbox 611 721 731 812; x_wconf 85' lang='grc' dir='ltr'><strong><em>ἀνεμος</em></strong></span> <span class='ocrx_word' id='word_1_8' title='bbox 752 732 845 816; x_wconf 85' lang='grc' dir='ltr'><strong><em>πέσε,</em></strong></span> <span class='ocrx_word' id='word_1_9' title='bbox 868 730 920 794; x_wconf 80' lang='grc' dir='ltr'><strong><em>τοί</em></strong></span> <span class='ocrx_word' id='word_1_10' title='bbox 943 726 974 793; x_wconf 83' lang='grc' dir='ltr'><strong><em>δ’</em></strong></span> <span class='ocrx_word' id='word_1_11' title='bbox 994 724 1193 814; x_wconf 62' lang='grc' dir='ltr'><strong><em>ἀνάγοντος»</em></strong></span> 
     </span>
     <span class='ocr_line' id='line_1_3' title="bbox 205 824 1076 918; baseline 0.005 -25"><span class='ocrx_word' id='word_1_12' title='bbox 205 826 208 835; x_wconf 75' lang='grc'><strong>’</strong></span> <span class='ocrx_word' id='word_1_13' title='bbox 275 826 344 894; x_wconf 88' lang='grc' dir='ltr'><strong><em>ίσκε</em></strong></span> <span class='ocrx_word' id='word_1_14' title='bbox 366 825 493 918; x_wconf 82' lang='grc' dir='ltr'><strong><em>ψεύδεα</em></strong></span> <span class='ocrx_word' id='word_1_15' title='bbox 513 824 622 895; x_wconf 81' lang='grc' dir='ltr'><strong><em>πολλά</em></strong></span> <span class='ocrx_word' id='word_1_16' title='bbox 644 832 747 917; x_wconf 87' lang='grc' dir='ltr'><strong><em>λέγων</em></strong></span> <span class='ocrx_word' id='word_1_17' title='bbox 769 828 936 917; x_wconf 77' lang='grc' dir='ltr'><strong><em>ἐτύμοισιν</em></strong></span> <span class='ocrx_word' id='word_1_18' title='bbox 957 832 1076 918; x_wconf 90' lang='grc' dir='ltr'><strong><em>ὁμοῖα·</em></strong></span> 
     </span>
     <span class='ocr_line' id='line_1_4' title="bbox 230 926 1166 1025; baseline 0.011 -28"><span class='ocrx_word' id='word_1_19' title='bbox 230 933 290 1012; x_wconf 85' lang='grc' dir='ltr'><strong><em>τῆς</em></strong></span> <span class='ocrx_word' id='word_1_20' title='bbox 312 929 343 995; x_wconf 89' lang='grc' dir='ltr'><strong><em>δ’</em></strong></span> <span class='ocrx_word' id='word_1_21' title='bbox 358 926 412 1019; x_wconf 84' lang='grc' dir='ltr'><strong><em>ἀρ’</em></strong></span> <span class='ocrx_word' id='word_1_22' title='bbox 434 929 618 1014; x_wconf 78' lang='grc' dir='ltr'><strong><em>ἀκουούσης</em></strong></span> <span class='ocrx_word' id='word_1_23' title='bbox 639 937 692 1021; x_wconf 86' lang='grc' dir='ltr'><strong><em>ῥέε</em></strong></span> <span class='ocrx_word' id='word_1_24' title='bbox 715 932 855 1022; x_wconf 84' lang='grc' dir='ltr'><strong><em>δάκρυα,</em></strong></span> <span class='ocrx_word' id='word_1_25' title='bbox 876 931 996 1016; x_wconf 84' lang='grc' dir='ltr'><strong><em>τήκετυ</em></strong></span> <span class='ocrx_word' id='word_1_26' title='bbox 1015 938 1050 1002; x_wconf 87' lang='grc' dir='ltr'><strong><em>δέ</em></strong></span> <span class='ocrx_word' id='word_1_27' title='bbox 1068 935 1166 1025; x_wconf 75' lang='grc' dir='ltr'><strong><em>χροός.</em></strong></span> 
     </span>
     <span class='ocr_line' id='line_1_5' title="bbox 158 1028 1200 1127; baseline 0.008 -27"><span class='ocrx_word' id='word_1_28' title='bbox 158 1049 212 1100; x_wconf 88' lang='grc'><strong><em>205</em></strong></span> <span class='ocrx_word' id='word_1_29' title='bbox 232 1033 276 1113; x_wconf 85' lang='grc' dir='ltr'><strong><em>ὡς</em></strong></span> <span class='ocrx_word' id='word_1_30' title='bbox 297 1036 332 1101; x_wconf 86' lang='grc' dir='ltr'><strong><em>δὲ</em></strong></span> <span class='ocrx_word' id='word_1_31' title='bbox 352 1028 433 1120; x_wconf 81' lang='grc' dir='ltr'><strong><em>χιάν</em></strong></span> <span class='ocrx_word' id='word_1_32' title='bbox 453 1033 645 1118; x_wconf 83' lang='grc' dir='ltr'><strong><em>κατατήκετ’</em></strong></span> <span class='ocrx_word' id='word_1_33' title='bbox 665 1044 700 1102; x_wconf 86' lang='grc' dir='ltr'><strong><em>ἐκ</em></strong></span> <span class='ocrx_word' id='word_1_34' title='bbox 723 1035 959 1124; x_wconf 77' lang='grc' dir='ltr'><strong><em>ἀκροπόλοισιν</em></strong></span> <span class='ocrx_word' id='word_1_35' title='bbox 982 1034 1121 1127; x_wconf 83' lang='grc' dir='ltr'><strong><em>όρεσσιν,</em></strong></span> <span class='ocrx_word' id='word_1_36' title='bbox 1195 1081 1200 1091; x_wconf 72' lang='lat'>=</span> 
     </span>
     <span class='ocr_line' id='line_1_6' title="bbox 231 1130 1137 1237; baseline 0.008 -34"><span class='ocrx_word' id='word_1_37' title='bbox 231 1134 275 1219; x_wconf 88' lang='grc' dir='ltr'><strong><em>ήν</em></strong></span> <span class='ocrx_word' id='word_1_38' title='bbox 296 1136 326 1203; x_wconf 83' lang='grc' dir='ltr'><strong><em>τ’</em></strong></span> <span class='ocrx_word' id='word_1_39' title='bbox 344 1130 454 1227; x_wconf 83' lang='grc' dir='ltr'><strong><em>Εὖρος</em></strong></span> <span class='ocrx_word' id='word_1_40' title='bbox 474 1140 661 1220; x_wconf 78' lang='grc' dir='ltr'><strong><em>κατέτηξεν,</em></strong></span> <span class='ocrx_word' id='word_1_41' title='bbox 680 1137 767 1223; x_wconf 79' lang='grc' dir='ltr'><strong><em>έπήν</em></strong></span> <span class='ocrx_word' id='word_1_42' title='bbox 789 1144 941 1231; x_wconf 86' lang='grc' dir='ltr'><strong><em>Ζέφυρος</em></strong></span> <span class='ocrx_word' id='word_1_43' title='bbox 961 1145 1137 1237; x_wconf 73' lang='grc' dir='ltr'><strong><em>καταχεύῃ·</em></strong></span> 
     </span>
     <span class='ocr_line' id='line_1_7' title="bbox 231 1237 1155 1332; baseline 0.006 -24"><span class='ocrx_word' id='word_1_44' title='bbox 231 1246 413 1327; x_wconf 80' lang='grc' dir='ltr'><strong><em>τηκομένης</em></strong></span> <span class='ocrx_word' id='word_1_45' title='bbox 436 1240 465 1308; x_wconf 81' lang='grc' dir='ltr'><strong><em>δ’</em></strong></span> <span class='ocrx_word' id='word_1_46' title='bbox 480 1237 547 1331; x_wconf 87' lang='grc' dir='ltr'><strong><em>ἀρα</em></strong></span> <span class='ocrx_word' id='word_1_47' title='bbox 569 1248 629 1325; x_wconf 81' lang='grc' dir='ltr'><strong><em>τῆς</em></strong></span> <span class='ocrx_word' id='word_1_48' title='bbox 649 1248 795 1332; x_wconf 83' lang='grc' dir='ltr'><strong><em>ποταμοὶ</em></strong></span> <span class='ocrx_word' id='word_1_49' title='bbox 816 1243 989 1328; x_wconf 74' lang='grc' dir='ltr'><strong><em>πλήθουσι</em></strong></span> <span class='ocrx_word' id='word_1_50' title='bbox 1010 1248 1155 1332; x_wconf 77' lang='grc' dir='ltr'><strong><em>ῥέοντες·</em></strong></span> 
     </span>
     <span class='ocr_line' id='line_1_8' title="bbox 233 1340 1215 1437; baseline 0.005 -26"><span class='ocrx_word' id='word_1_51' title='bbox 233 1340 276 1423; x_wconf 76' lang='grc' dir='ltr'><strong><em>οδς</em></strong></span> <span class='ocrx_word' id='word_1_52' title='bbox 297 1348 357 1428; x_wconf 83' lang='grc' dir='ltr'><strong><em>τῆς</em></strong></span> <span class='ocrx_word' id='word_1_53' title='bbox 377 1343 492 1426; x_wconf 85' lang='grc' dir='ltr'><strong><em>τήκετο</em></strong></span> <span class='ocrx_word' id='word_1_54' title='bbox 514 1342 602 1413; x_wconf 82' lang='grc' dir='ltr'><strong><em>καλά</em></strong></span> <span class='ocrx_word' id='word_1_55' title='bbox 622 1345 749 1436; x_wconf 86' lang='grc' dir='ltr'><strong><em>παρήια</em></strong></span> <span class='ocrx_word' id='word_1_56' title='bbox 772 1346 1019 1437; x_wconf 83' lang='grc' dir='ltr'><strong><em>δακρυχεούσης,</em></strong></span> <span class='ocrx_word' id='word_1_57' title='bbox 1110 1400 1114 1407; x_wconf 76' lang='grc'><strong><em>.</em></strong></span> <span class='ocrx_word' id='word_1_58' title='bbox 1210 1372 1215 1379; x_wconf 92' lang='grc'><strong><em>·</em></strong></span> 
     </span>
     <span class='ocr_line' id='line_1_9' title="bbox 231 1444 1168 1541; baseline 0.01 -28"><span class='ocrx_word' id='word_1_59' title='bbox 231 1446 407 1530; x_wconf 84' lang='grc' dir='ltr'><strong><em>κλαιούσης</em></strong></span> <span class='ocrx_word' id='word_1_60' title='bbox 429 1444 485 1515; x_wconf 86' lang='grc' dir='ltr'><strong><em>έδν</em></strong></span> <span class='ocrx_word' id='word_1_61' title='bbox 507 1444 615 1541; x_wconf 86' lang='grc' dir='ltr'><strong><em>ἀνδρα</em></strong></span> <span class='ocrx_word' id='word_1_62' title='bbox 637 1449 840 1539; x_wconf 85' lang='grc' dir='ltr'><strong><em>παρήμενον.</em></strong></span> <span class='ocrx_word' id='word_1_63' title='bbox 869 1449 975 1540; x_wconf 82' lang='grc' dir='ltr'><strong><em>αότάρ</em></strong></span> <span class='ocrx_word' id='word_1_64' title='bbox 994 1452 1168 1534; x_wconf 81' lang='grc' dir='ltr'><strong><em>Ὀδυσσεύς</em></strong></span> 
     </span>
     <span class='ocr_line' id='line_1_10' title="bbox 159 1550 986 1645; baseline 0.007 -28"><span class='ocrx_word' id='word_1_65' title='bbox 159 1566 214 1617; x_wconf 90' lang='grc'><strong><em>210</em></strong></span> <span class='ocrx_word' id='word_1_66' title='bbox 232 1554 334 1638; x_wconf 77' lang='grc' dir='ltr'><strong><em>θυμῷ</em></strong></span> <span class='ocrx_word' id='word_1_67' title='bbox 355 1556 415 1639; x_wconf 81' lang='grc' dir='ltr'><strong><em>μὲν</em></strong></span> <span class='ocrx_word' id='word_1_68' title='bbox 436 1550 589 1638; x_wconf 76' lang='grc' dir='ltr'><strong><em>γοόωσαν</em></strong></span> <span class='ocrx_word' id='word_1_69' title='bbox 611 1550 671 1636; x_wconf 80' lang='grc' dir='ltr'><strong><em>ἑήν</em></strong></span> <span class='ocrx_word' id='word_1_70' title='bbox 691 1557 814 1645; x_wconf 75' lang='grc' dir='ltr'><strong><em>ἐλέαιρε</em></strong></span> <span class='ocrx_word' id='word_1_71' title='bbox 836 1566 986 1642; x_wconf 87' lang='grc' dir='ltr'><strong><em>γυναῖκα,</em></strong></span> 
     </span>
     <span class='ocr_line' id='line_1_11' title="bbox 232 1654 1058 1748; baseline 0.005 -27"><span class='ocrx_word' id='word_1_72' title='bbox 232 1654 411 1747; x_wconf 87' lang='grc' dir='ltr'><strong><em>ὀφθαλμοὶ</em></strong></span> <span class='ocrx_word' id='word_1_73' title='bbox 433 1655 463 1721; x_wconf 81' lang='grc' dir='ltr'><strong><em>δ’</em></strong></span> <span class='ocrx_word' id='word_1_74' title='bbox 479 1656 523 1734; x_wconf 85' lang='grc' dir='ltr'><strong><em>ὠς</em></strong></span> <span class='ocrx_word' id='word_1_75' title='bbox 545 1664 573 1723; x_wconf 83' lang='grc' dir='ltr'><strong><em>ἐί</em></strong></span> <span class='ocrx_word' id='word_1_76' title='bbox 592 1662 674 1747; x_wconf 89' lang='grc' dir='ltr'><strong><em>κέρα</em></strong></span> <span class='ocrx_word' id='word_1_77' title='bbox 697 1666 842 1726; x_wconf 84' lang='grc' dir='ltr'><strong><em>έστασαν</em></strong></span> <span class='ocrx_word' id='word_1_78' title='bbox 862 1657 900 1741; x_wconf 80' lang='grc' dir='ltr'><strong><em>ήέ</em></strong></span> <span class='ocrx_word' id='word_1_79' title='bbox 922 1662 1058 1748; x_wconf 85' lang='grc' dir='ltr'><strong><em>σίδηρος</em></strong></span> 
     </span>
     <span class='ocr_line' id='line_1_12' title="bbox 231 1756 1278 1852; baseline 0.01 -29"><span class='ocrx_word' id='word_1_80' title='bbox 231 1756 376 1845; x_wconf 81' lang='grc' dir='ltr'><strong><em>ἀτρέμας</em></strong></span> <span class='ocrx_word' id='word_1_81' title='bbox 398 1766 432 1827; x_wconf 85' lang='grc' dir='ltr'><strong><em>ἐν</em></strong></span> <span class='ocrx_word' id='word_1_82' title='bbox 454 1757 667 1851; x_wconf 75' lang='grc' dir='ltr'><strong><em>βλεφάροισι·</em></strong></span> <span class='ocrx_word' id='word_1_83' title='bbox 690 1760 778 1847; x_wconf 78' lang='grc' dir='ltr'><strong><em>δόλοι</em></strong></span> <span class='ocrx_word' id='word_1_84' title='bbox 800 1762 830 1828; x_wconf 78' lang='grc' dir='ltr'><strong><em>δ’</em></strong></span> <span class='ocrx_word' id='word_1_85' title='bbox 848 1759 867 1828; x_wconf 92' lang='grc' dir='ltr'><strong><em>ό</em></strong></span> <span class='ocrx_word' id='word_1_86' title='bbox 887 1787 924 1848; x_wconf 86' lang='grc' dir='ltr'><strong><em>γε</em></strong></span> <span class='ocrx_word' id='word_1_87' title='bbox 946 1761 1073 1852; x_wconf 88' lang='grc' dir='ltr'><strong><em>δάκρυα</em></strong></span> <span class='ocrx_word' id='word_1_88' title='bbox 1093 1767 1225 1833; x_wconf 75' lang='grc' dir='ltr'><strong><em>κεῦθεν.</em></strong></span> <span class='ocrx_word' id='word_1_89' title='bbox 1274 1838 1278 1844; x_wconf 51' lang='grc'><strong><em>,</em></strong></span> 
     </span>
     <span class='ocr_line' id='line_1_13' title="bbox 232 1854 1047 1957; baseline 0.005 -30"><span class='ocrx_word' id='word_1_90' title='bbox 232 1859 253 1941; x_wconf 82' lang='grc' dir='ltr'>ἡ</span> <span class='ocrx_word' id='word_1_91' title='bbox 276 1860 306 1927; x_wconf 79' lang='grc' dir='ltr'><strong><em>δ’</em></strong></span> <span class='ocrx_word' id='word_1_92' title='bbox 325 1865 394 1930; x_wconf 77' lang='grc' dir='ltr'><strong><em>ἐπεὶ</em></strong></span> <span class='ocrx_word' id='word_1_93' title='bbox 415 1854 640 1957; x_wconf 80' lang='grc' dir='ltr'><strong><em>οὖν-τάρφθη</em></strong></span> <span class='ocrx_word' id='word_1_94' title='bbox 661 1862 921 1951; x_wconf 85' lang='grc' dir='ltr'><strong><em>πολυδακρύτοιο</em></strong></span> <span class='ocrx_word' id='word_1_95' title='bbox 941 1863 1047 1951; x_wconf 90' lang='grc' dir='ltr'><strong><em>γόοιο,</em></strong></span> 
     </span>
     <span class='ocr_line' id='line_1_14' title="bbox 232 1962 1027 2055; baseline 0.008 -25"><span class='ocrx_word' id='word_1_96' title='bbox 232 1962 360 2045; x_wconf 80' lang='grc' dir='ltr'><strong><em>ἐξαῦτίς</em></strong></span> <span class='ocrx_word' id='word_1_97' title='bbox 381 1988 439 2053; x_wconf 90' lang='grc' dir='ltr'><strong><em>μιν</em></strong></span> <span class='ocrx_word' id='word_1_98' title='bbox 460 1970 592 2034; x_wconf 83' lang='grc' dir='ltr'><strong><em>έπεσσιν</em></strong></span> <span class='ocrx_word' id='word_1_99' title='bbox 612 1967 813 2055; x_wconf 78' lang='grc' dir='ltr'><strong><em>ἀμειβομένη</em></strong></span> <span class='ocrx_word' id='word_1_100' title='bbox 835 1972 1027 2055; x_wconf 83' lang='grc' dir='ltr'><strong><em>προσέειπεν</em></strong></span> 
     </span>
     <span class='ocr_line' id='line_1_15' title="bbox 160 2067 1055 2160; baseline 0.001 -24"><span class='ocrx_word' id='word_1_101' title='bbox 160 2085 214 2136; x_wconf 81' lang='grc'><strong><em>215</em></strong></span> <span class='ocrx_word' id='word_1_102' title='bbox 240 2071 321 2137; x_wconf 76' lang='grc' dir='ltr'><strong><em>ινύν</em></strong></span> <span class='ocrx_word' id='word_1_103' title='bbox 341 2072 402 2154; x_wconf 86' lang='grc' dir='ltr'><strong><em>μὲν</em></strong></span> <span class='ocrx_word' id='word_1_104' title='bbox 423 2067 465 2153; x_wconf 92' lang='grc' dir='ltr'><strong><em>δή</em></strong></span> <span class='ocrx_word' id='word_1_105' title='bbox 487 2093 558 2152; x_wconf 88' lang='grc' dir='ltr'><strong><em>σευ,</em></strong></span> <span class='ocrx_word' id='word_1_106' title='bbox 580 2071 662 2153; x_wconf 81' lang='grc' dir='ltr'><strong><em>ξεῖνέ</em></strong></span> <span class='ocrx_word' id='word_1_107' title='bbox 684 2073 722 2156; x_wconf 84' lang='grc' dir='ltr'><strong><em>γ’,</em></strong></span> <span class='ocrx_word' id='word_1_108' title='bbox 743 2069 814 2139; x_wconf 71' lang='grc' dir='ltr'><strong><em>ὀίω</em></strong></span> <span class='ocrx_word' id='word_1_109' title='bbox 825 2068 1055 2160; x_wconf 87' lang='grc' dir='ltr'><strong><em>πειρήσεσθαι,</em></strong></span> 
     </span>
     <span class='ocr_line' id='line_1_16' title="bbox 205 2166 1012 2260; baseline 0.006 -22"><span class='ocrx_word' id='word_1_110' title='bbox 205 2215 209 2223; x_wconf 90' lang='lat'>·</span> <span class='ocrx_word' id='word_1_111' title='bbox 232 2178 260 2239; x_wconf 83' lang='grc' dir='ltr'><strong><em>εί</em></strong></span> <span class='ocrx_word' id='word_1_112' title='bbox 281 2171 372 2241; x_wconf 85' lang='grc' dir='ltr'><strong><em>ἐτεόν</em></strong></span> <span class='ocrx_word' id='word_1_113' title='bbox 393 2166 434 2256; x_wconf 84' lang='grc' dir='ltr'><strong><em>δή</em></strong></span> <span class='ocrx_word' id='word_1_114' title='bbox 456 2180 548 2241; x_wconf 89' lang='grc' dir='ltr'><strong><em>κεῖθι</em></strong></span> <span class='ocrx_word' id='word_1_115' title='bbox 571 2172 631 2243; x_wconf 81' lang='grc' dir='ltr'><strong><em>σύν</em></strong></span> <span class='ocrx_word' id='word_1_116' title='bbox 653 2173 824 2253; x_wconf 85' lang='grc' dir='ltr'><strong><em>ἀντιθέοις</em></strong></span> <span class='ocrx_word' id='word_1_117' title='bbox 845 2172 1012 2260; x_wconf 81' lang='grc' dir='ltr'><strong><em>ἑτάροισιν</em></strong></span> 
     </span>
     <span class='ocr_line' id='line_1_17' title="bbox 231 2273 1147 2369; baseline 0.003 -26"><span class='ocrx_word' id='word_1_118' title='bbox 231 2276 374 2356; x_wconf 84' lang='grc' dir='ltr'><strong><em>ξείνισας</em></strong></span> <span class='ocrx_word' id='word_1_119' title='bbox 396 2284 431 2343; x_wconf 88' lang='grc' dir='ltr'><strong><em>ἐν</em></strong></span> <span class='ocrx_word' id='word_1_120' title='bbox 453 2275 646 2364; x_wconf 74' lang='grc' dir='ltr'><strong><em>μεγάροισιν</em></strong></span> <span class='ocrx_word' id='word_1_121' title='bbox 668 2273 748 2363; x_wconf 81' lang='grc' dir='ltr'><strong><em>ἐμόν</em></strong></span> <span class='ocrx_word' id='word_1_122' title='bbox 768 2273 882 2356; x_wconf 82' lang='grc' dir='ltr'><strong><em>πόσιν,</em></strong></span> <span class='ocrx_word' id='word_1_123' title='bbox 906 2276 950 2355; x_wconf 83' lang='grc' dir='ltr'><strong><em>ὡς</em></strong></span> <span class='ocrx_word' id='word_1_124' title='bbox 970 2276 1147 2369; x_wconf 82' lang='grc' dir='ltr'><strong><em>ἀγορεύεις.</em></strong></span> 
     </span>
     <span class='ocr_line' id='line_1_18' title="bbox 231 2375 1062 2467; baseline 0.004 -21"><span class='ocrx_word' id='word_1_125' title='bbox 231 2385 298 2447; x_wconf 82' lang='grc' dir='ltr'><strong><em>είπέ</em></strong></span> <span class='ocrx_word' id='word_1_126' title='bbox 319 2407 378 2467; x_wconf 93' lang='grc' dir='ltr'><strong><em>μοι</em></strong></span> <span class='ocrx_word' id='word_1_127' title='bbox 400 2379 512 2447; x_wconf 82' lang='grc' dir='ltr'><strong><em>ὁπποῖ’</em></strong></span> <span class='ocrx_word' id='word_1_128' title='bbox 532 2375 621 2447; x_wconf 84' lang='grc' dir='ltr'><strong><em>ἀσσα</em></strong></span> <span class='ocrx_word' id='word_1_129' title='bbox 643 2384 717 2466; x_wconf 86' lang='grc' dir='ltr'><strong><em>περὶ</em></strong></span> <span class='ocrx_word' id='word_1_130' title='bbox 736 2383 957 2466; x_wconf 77' lang='grc' dir='ltr'><strong><em>χροίέἴματα</em></strong></span> <span class='ocrx_word' id='word_1_131' title='bbox 978 2388 1062 2461; x_wconf 81' lang='grc' dir='ltr'><strong><em>έστο,</em></strong></span> 
     </span>
     <span class='ocr_line' id='line_1_19' title="bbox 232 2480 1129 2571; baseline 0.003 -22"><span class='ocrx_word' id='word_1_132' title='bbox 232 2480 331 2561; x_wconf 81' lang='grc' dir='ltr'><strong><em>αὐτός</em></strong></span> <span class='ocrx_word' id='word_1_133' title='bbox 353 2482 394 2550; x_wconf 88' lang='grc' dir='ltr'><strong><em>θ’</em></strong></span> <span class='ocrx_word' id='word_1_134' title='bbox 414 2482 485 2562; x_wconf 77' lang='grc' dir='ltr'><strong><em>οἶος</em></strong></span> <span class='ocrx_word' id='word_1_135' title='bbox 506 2484 577 2565; x_wconf 77' lang='grc' dir='ltr'><strong><em>έην,</em></strong></span> <span class='ocrx_word' id='word_1_136' title='bbox 599 2488 654 2567; x_wconf 81' lang='grc' dir='ltr'><strong><em>καὶ</em></strong></span> <span class='ocrx_word' id='word_1_137' title='bbox 676 2488 840 2571; x_wconf 77' lang='grc' dir='ltr'><strong><em>ἑταίρους,</em></strong></span> <span class='ocrx_word' id='word_1_138' title='bbox 867 2490 904 2551; x_wconf 87' lang='grc' dir='ltr'><strong><em>οί</em></strong></span> <span class='ocrx_word' id='word_1_139' title='bbox 923 2490 957 2551; x_wconf 89' lang='grc' dir='ltr'><strong><em>οί</em></strong></span> <span class='ocrx_word' id='word_1_140' title='bbox 977 2491 1129 2552; x_wconf 69' lang='grc' dir='ltr'><strong><em>έποντο.»</em></strong></span> 
     </span>
     <span class='ocr_line' id='line_1_20' title="bbox 160 2583 1243 2680; baseline 0.006 -26"><span class='ocrx_word' id='word_1_141' title='bbox 160 2601 214 2654; x_wconf 86' lang='grc'><strong><em>220</em></strong></span> <span class='ocrx_word' id='word_1_142' title='bbox 275 2583 338 2669; x_wconf 87' lang='grc' dir='ltr'><strong><em>τὴν</em></strong></span> <span class='ocrx_word' id='word_1_143' title='bbox 360 2586 393 2653; x_wconf 73' lang='grc' dir='ltr'><strong><em>δι</em></strong></span> <span class='ocrx_word' id='word_1_144' title='bbox 409 2584 674 2673; x_wconf 76' lang='grc' dir='ltr'><strong><em>ἀπαμειβόμενος</em></strong></span> <span class='ocrx_word' id='word_1_145' title='bbox 694 2587 847 2680; x_wconf 76' lang='grc' dir='ltr'><strong><em>προσέφη</em></strong></span> <span class='ocrx_word' id='word_1_146' title='bbox 869 2586 1052 2675; x_wconf 83' lang='grc' dir='ltr'><strong><em>πολύμητις</em></strong></span> <span class='ocrx_word' id='word_1_147' title='bbox 1068 2589 1243 2673; x_wconf 87' lang='grc' dir='ltr'><strong><em>Ὀδυσσεύς</em></strong></span> 
     </span>
     <span class='ocr_line' id='line_1_21' title="bbox 162 2682 1140 2785; baseline 0.002 -24"><span class='ocrx_word' id='word_1_148' title='bbox 162 2752 165 2761; x_wconf 94' lang='grc'><strong><em>,</em></strong></span> <span class='ocrx_word' id='word_1_149' title='bbox 238 2682 286 2757; x_wconf 80' lang='grc' dir='ltr'><strong><em>«ὦ</em></strong></span> <span class='ocrx_word' id='word_1_150' title='bbox 307 2687 416 2777; x_wconf 87' lang='grc' dir='ltr'><strong><em>γύναι,</em></strong></span> <span class='ocrx_word' id='word_1_151' title='bbox 439 2690 604 2779; x_wconf 85' lang='grc' dir='ltr'><strong><em>ἀργαλέον</em></strong></span> <span class='ocrx_word' id='word_1_152' title='bbox 623 2689 748 2760; x_wconf 90' lang='grc' dir='ltr'><strong><em>τόσσον</em></strong></span> <span class='ocrx_word' id='word_1_153' title='bbox 767 2689 892 2781; x_wconf 90' lang='grc' dir='ltr'><strong><em>χρόνον</em></strong></span> <span class='ocrx_word' id='word_1_154' title='bbox 913 2691 1020 2785; x_wconf 82' lang='grc' dir='ltr'><strong><em>ἀμφὶς</em></strong></span> <span class='ocrx_word' id='word_1_155' title='bbox 1041 2691 1140 2763; x_wconf 76' lang='grc' dir='ltr'><strong><em>ἐόντα</em></strong></span> 
     </span>
     <span class='ocr_line' id='line_1_22' title="bbox 185 2789 998 2883; baseline -0.004 -17"><span class='ocrx_word' id='word_1_156' title='bbox 185 2864 187 2867; x_wconf 84' lang='grc'><strong><em>,</em></strong></span> <span class='ocrx_word' id='word_1_157' title='bbox 231 2801 375 2881; x_wconf 74' lang='grc' dir='ltr'><strong><em>εἰπέμεν·</em></strong></span> <span class='ocrx_word' id='word_1_158' title='bbox 399 2789 464 2877; x_wconf 89' lang='grc' dir='ltr'><strong><em>ήδη</em></strong></span> <span class='ocrx_word' id='word_1_159' title='bbox 487 2792 551 2883; x_wconf 88' lang='grc' dir='ltr'><strong><em>γάρ</em></strong></span> <span class='ocrx_word' id='word_1_160' title='bbox 575 2800 607 2862; x_wconf 79' lang='grc' dir='ltr'><strong><em>οἱ</em></strong></span> <span class='ocrx_word' id='word_1_161' title='bbox 628 2792 792 2865; x_wconf 79' lang='grc' dir='ltr'><strong><em>ἐεικοστὸν</em></strong></span> <span class='ocrx_word' id='word_1_162' title='bbox 814 2800 885 2875; x_wconf 83' lang='grc' dir='ltr'><strong><em>έτος</em></strong></span> <span class='ocrx_word' id='word_1_163' title='bbox 901 2801 998 2865; x_wconf 67' lang='grc' dir='ltr'><strong><em>ἐστίν</em></strong></span> 
     </span>
     <span class='ocr_line' id='line_1_23' title="bbox 231 2890 1102 2989; baseline 0.003 -24"><span class='ocrx_word' id='word_1_164' title='bbox 231 2897 266 2979; x_wconf 82' lang='grc' dir='ltr'><strong><em>ἐξ</em></strong></span> <span class='ocrx_word' id='word_1_165' title='bbox 288 2890 327 2965; x_wconf 84' lang='grc' dir='ltr'><strong><em>οὗ</em></strong></span> <span class='ocrx_word' id='word_1_166' title='bbox 348 2901 466 2965; x_wconf 86' lang='grc' dir='ltr'><strong><em>κεῖθεν</em></strong></span> <span class='ocrx_word' id='word_1_167' title='bbox 485 2900 545 2984; x_wconf 80' lang='grc' dir='ltr'><strong><em>ἐβη</em></strong></span> <span class='ocrx_word' id='word_1_168' title='bbox 567 2902 623 2967; x_wconf 82' lang='grc' dir='ltr'><strong><em>καὶ</em></strong></span> <span class='ocrx_word' id='word_1_169' title='bbox 645 2904 725 2986; x_wconf 81' lang='grc' dir='ltr'><strong><em>λμῆς</em></strong></span> <span class='ocrx_word' id='word_1_170' title='bbox 747 2898 937 2983; x_wconf 79' lang='grc' dir='ltr'><strong><em>ἀπελήλυθε</em></strong></span> <span class='ocrx_word' id='word_1_171' title='bbox 958 2898 1102 2989; x_wconf 88' lang='grc' dir='ltr'><strong><em>πάτρης·</em></strong></span> 
     </span>
     <span class='ocr_line' id='line_1_24' title="bbox 171 2994 1134 3091; baseline 0.003 -24"><span class='ocrx_word' id='word_1_172' title='bbox 171 2998 174 3003; x_wconf 65' lang='grc'><strong>’</strong></span> <span class='ocrx_word' id='word_1_173' title='bbox 232 2997 317 3069; x_wconf 88' lang='grc' dir='ltr'><strong><em>ἀλλά</em></strong></span> <span class='ocrx_word' id='word_1_174' title='bbox 337 3004 396 3083; x_wconf 79' lang='grc' dir='ltr'><strong><em>καὶ</em></strong></span> <span class='ocrx_word' id='word_1_175' title='bbox 418 2994 462 3079; x_wconf 80' lang='grc' dir='ltr'><strong><em>ὦς</em></strong></span> <span class='ocrx_word' id='word_1_176' title='bbox 484 3006 562 3088; x_wconf 87' lang='grc' dir='ltr'><strong><em>ἐρέω</em></strong></span> <span class='ocrx_word' id='word_1_177' title='bbox 584 2998 627 3079; x_wconf 79' lang='grc' dir='ltr'><strong><em>ὥς</em></strong></span> <span class='ocrx_word' id='word_1_178' title='bbox 648 3026 707 3088; x_wconf 90' lang='grc' dir='ltr'><strong><em>μοι</em></strong></span> <span class='ocrx_word' id='word_1_179' title='bbox 728 3002 915 3069; x_wconf 79' lang='grc' dir='ltr'><strong><em>λυδάλλεται</em></strong></span> <span class='ocrx_word' id='word_1_180' title='bbox 935 2994 1027 3091; x_wconf 85' lang='grc' dir='ltr'><strong><em>ἦτορ.</em></strong></span> <span class='ocrx_word' id='word_1_181' title='bbox 1131 3046 1134 3053; x_wconf 93' lang='grc'>-</span> 
     </span>
     <span class='ocr_line' id='line_1_25' title="bbox 160 3100 1071 3196; baseline -0.005 -20"><span class='ocrx_word' id='word_1_182' title='bbox 160 3124 213 3176; x_wconf 86' lang='grc'><strong><em>225</em></strong></span> <span class='ocrx_word' id='word_1_183' title='bbox 228 3108 371 3192; x_wconf 89' lang='grc' dir='ltr'><strong><em>χλαῖναν</em></strong></span> <span class='ocrx_word' id='word_1_184' title='bbox 392 3110 588 3196; x_wconf 62' lang='grc' dir='ltr'><strong><em>πορφυρέην,</em></strong></span> <span class='ocrx_word' id='word_1_185' title='bbox 605 3100 706 3186; x_wconf 81' lang='grc' dir='ltr'><strong><em>οὔλην</em></strong></span> <span class='ocrx_word' id='word_1_186' title='bbox 728 3108 778 3191; x_wconf 86' lang='grc' dir='ltr'><strong><em>έχε</em></strong></span> <span class='ocrx_word' id='word_1_187' title='bbox 801 3107 872 3183; x_wconf 78' lang='grc' dir='ltr'><strong><em>δῖος</em></strong></span> <span class='ocrx_word' id='word_1_188' title='bbox 890 3102 1071 3186; x_wconf 86' lang='grc' dir='ltr'><strong><em>Ὀδυσσεύς,</em></strong></span> 
     </span>
     <span class='ocr_line' id='line_1_26' title="bbox 231 3204 1004 3298; baseline 0 -23"><span class='ocrx_word' id='word_1_189' title='bbox 231 3211 364 3291; x_wconf 82' lang='grc' dir='ltr'><strong><em>διπλῆν·</em></strong></span> <span class='ocrx_word' id='word_1_190' title='bbox 387 3206 494 3298; x_wconf 84' lang='grc' dir='ltr'><strong><em>αύτόρ</em></strong></span> <span class='ocrx_word' id='word_1_191' title='bbox 517 3212 549 3275; x_wconf 85' lang='grc' dir='ltr'><strong><em>οί</em></strong></span> <span class='ocrx_word' id='word_1_192' title='bbox 571 3204 694 3296; x_wconf 91' lang='grc' dir='ltr'><strong><em>περόνη</em></strong></span> <span class='ocrx_word' id='word_1_193' title='bbox 714 3217 851 3298; x_wconf 88' lang='grc' dir='ltr'><strong><em>χρυσοῖο</em></strong></span> <span class='ocrx_word' id='word_1_194' title='bbox 865 3214 1004 3275; x_wconf 82' lang='grc' dir='ltr'><strong><em>τέτυκτο</em></strong></span> 
     </span>
     <span class='ocr_line' id='line_1_27' title="bbox 230 3305 1181 3401; baseline 0 -22"><span class='ocrx_word' id='word_1_195' title='bbox 230 3311 380 3380; x_wconf 78' lang='grc' dir='ltr'><strong><em>αὐλοῖσιν</em></strong></span> <span class='ocrx_word' id='word_1_196' title='bbox 401 3308 574 3399; x_wconf 87' lang='grc' dir='ltr'><strong><em>διδύμοισι.</em></strong></span> <span class='ocrx_word' id='word_1_197' title='bbox 596 3308 743 3401; x_wconf 86' lang='grc' dir='ltr'><strong><em>πάροιθε</em></strong></span> <span class='ocrx_word' id='word_1_198' title='bbox 766 3314 800 3379; x_wconf 81' lang='grc' dir='ltr'><strong><em>δὲ</em></strong></span> <span class='ocrx_word' id='word_1_199' title='bbox 823 3314 985 3380; x_wconf 81' lang='grc' dir='ltr'><strong><em>δαίδαλον</em></strong></span> <span class='ocrx_word' id='word_1_200' title='bbox 1005 3305 1088 3395; x_wconf 79' lang='grc' dir='ltr'><strong><em>ἦεν·Ι</em></strong></span> <span class='ocrx_word' id='word_1_201' title='bbox 1178 3340 1181 3348; x_wconf 92' lang='grc'><strong><em>·</em></strong></span> 
     </span>
     <span class='ocr_line' id='line_1_28' title="bbox 229 3412 1171 3505; baseline 0.003 -24"><span class='ocrx_word' id='word_1_202' title='bbox 229 3422 266 3483; x_wconf 87' lang='grc' dir='ltr'><strong><em>έν</em></strong></span> <span class='ocrx_word' id='word_1_203' title='bbox 286 3419 475 3505; x_wconf 87' lang='grc' dir='ltr'><strong><em>προτέροισι</em></strong></span> <span class='ocrx_word' id='word_1_204' title='bbox 495 3412 632 3483; x_wconf 88' lang='grc' dir='ltr'><strong><em>πόδεσσι</em></strong></span> <span class='ocrx_word' id='word_1_205' title='bbox 654 3414 739 3483; x_wconf 91' lang='grc' dir='ltr'><strong><em>κύων</em></strong></span> <span class='ocrx_word' id='word_1_206' title='bbox 761 3420 811 3503; x_wconf 86' lang='grc' dir='ltr'><strong><em>έχε</em></strong></span> <span class='ocrx_word' id='word_1_207' title='bbox 832 3421 983 3485; x_wconf 84' lang='grc' dir='ltr'><strong><em>ποικίλον</em></strong></span> <span class='ocrx_word' id='word_1_208' title='bbox 1004 3416 1130 3498; x_wconf 57' lang='grc' dir='ltr'><strong><em>έλλόν,«</em></strong></span> <span class='ocrx_word' id='word_1_209' title='bbox 1168 3450 1171 3452; x_wconf 20' lang='grc' dir='ltr'><strong><em>ε</em></strong></span> 
     </span>
     <span class='ocr_line' id='line_1_29' title="bbox 230 3516 1203 3605; baseline 0.004 -22"><span class='ocrx_word' id='word_1_210' title='bbox 230 3516 439 3604; x_wconf 81' lang='grc' dir='ltr'><strong><em>ἀσπαίροντα</em></strong></span> <span class='ocrx_word' id='word_1_211' title='bbox 461 3516 566 3585; x_wconf 90' lang='grc' dir='ltr'><strong><em>λάων·</em></strong></span> <span class='ocrx_word' id='word_1_212' title='bbox 592 3516 631 3585; x_wconf 88' lang='grc' dir='ltr'><strong><em>τὸ</em></strong></span> <span class='ocrx_word' id='word_1_213' title='bbox 653 3522 688 3587; x_wconf 84' lang='grc' dir='ltr'><strong><em>δέ</em></strong></span> <span class='ocrx_word' id='word_1_214' title='bbox 710 3518 947 3605; x_wconf 79' lang='grc' dir='ltr'><strong><em>θαυμάζεσκον</em></strong></span> <span class='ocrx_word' id='word_1_215' title='bbox 969 3518 1131 3599; x_wconf 67' lang='grc' dir='ltr'><strong><em>ἅπαντες,</em></strong></span> <span class='ocrx_word' id='word_1_216' title='bbox 1199 3560 1203 3569; x_wconf 86' lang='grc'><em>·</em></span> 
     </span>
     <span class='ocr_line' id='line_1_30' title="bbox 159 3616 1145 3707; baseline 0 -20"><span class='ocrx_word' id='word_1_217' title='bbox 159 3635 212 3687; x_wconf 83' lang='grc'><strong><em>230</em></strong></span> <span class='ocrx_word' id='word_1_218' title='bbox 231 3619 274 3699; x_wconf 86' lang='grc' dir='ltr'><strong><em>ὡς</em></strong></span> <span class='ocrx_word' id='word_1_219' title='bbox 296 3624 328 3687; x_wconf 88' lang='grc' dir='ltr'><strong><em>οί</em></strong></span> <span class='ocrx_word' id='word_1_220' title='bbox 347 3616 480 3707; x_wconf 87' lang='grc' dir='ltr'><strong><em>χρύσεοι</em></strong></span> <span class='ocrx_word' id='word_1_221' title='bbox 502 3617 610 3697; x_wconf 81' lang='grc' dir='ltr'><strong><em>ἐόντες</em></strong></span> <span class='ocrx_word' id='word_1_222' title='bbox 626 3619 651 3685; x_wconf 79' lang='grc' dir='ltr'><strong><em>’ὁ</em></strong></span> <span class='ocrx_word' id='word_1_223' title='bbox 674 3626 733 3706; x_wconf 82' lang='grc' dir='ltr'><strong><em>μέν</em></strong></span> <span class='ocrx_word' id='word_1_224' title='bbox 756 3619 814 3687; x_wconf 85' lang='grc' dir='ltr'><strong><em>λάε</em></strong></span> <span class='ocrx_word' id='word_1_225' title='bbox 836 3618 957 3706; x_wconf 87' lang='grc' dir='ltr'><strong><em>νεβρόν</em></strong></span> <span class='ocrx_word' id='word_1_226' title='bbox 978 3619 1145 3707; x_wconf 82' lang='grc' dir='ltr'><strong><em>ἀπάγχων,</em></strong></span> 
     </span>
     <span class='ocr_line' id='line_1_31' title="bbox 229 3717 1077 3813; baseline 0.001 -26"><span class='ocrx_word' id='word_1_227' title='bbox 229 3717 336 3808; x_wconf 78' lang='grc' dir='ltr'><strong><em>αὐτὰρ</em></strong></span> <span class='ocrx_word' id='word_1_228' title='bbox 361 3720 378 3787; x_wconf 86' lang='grc' dir='ltr'>ὁ</span> <span class='ocrx_word' id='word_1_229' title='bbox 401 3726 568 3811; x_wconf 83' lang='grc' dir='ltr'><strong><em>ἐκφυγέειν</em></strong></span> <span class='ocrx_word' id='word_1_230' title='bbox 591 3720 724 3808; x_wconf 77' lang='grc' dir='ltr'><strong><em>μεμαώς</em></strong></span> <span class='ocrx_word' id='word_1_231' title='bbox 745 3720 888 3813; x_wconf 86' lang='grc' dir='ltr'><strong><em>ήσπαιρε</em></strong></span> <span class='ocrx_word' id='word_1_232' title='bbox 910 3720 1077 3789; x_wconf 88' lang='grc' dir='ltr'><strong><em>πόδεσσιν.</em></strong></span> 
     </span>
     <span class='ocr_line' id='line_1_32' title="bbox 229 3820 1152 3917; baseline 0 -25"><span class='ocrx_word' id='word_1_233' title='bbox 229 3822 289 3893; x_wconf 87' lang='grc' dir='ltr'><strong><em>τόν</em></strong></span> <span class='ocrx_word' id='word_1_234' title='bbox 311 3822 345 3891; x_wconf 83' lang='grc' dir='ltr'><strong><em>δὲ</em></strong></span> <span class='ocrx_word' id='word_1_235' title='bbox 364 3822 476 3909; x_wconf 80' lang='grc' dir='ltr'><strong><em>χιτῶν’</em></strong></span> <span class='ocrx_word' id='word_1_236' title='bbox 497 3820 620 3904; x_wconf 83' lang='grc' dir='ltr'><strong><em>ἐνόησα</em></strong></span> <span class='ocrx_word' id='word_1_237' title='bbox 641 3830 715 3914; x_wconf 85' lang='grc' dir='ltr'><strong><em>περὶ</em></strong></span> <span class='ocrx_word' id='word_1_238' title='bbox 734 3831 811 3917; x_wconf 79' lang='grc' dir='ltr'><strong><em>χροῖ</em></strong></span> <span class='ocrx_word' id='word_1_239' title='bbox 833 3823 1038 3911; x_wconf 87' lang='grc' dir='ltr'><strong><em>σιγαλόεντα,</em></strong></span> <span class='ocrx_word' id='word_1_240' title='bbox 1140 3842 1152 3861; x_wconf 84' lang='grc'><strong><em>·</em></strong></span> 
     </span>
    </p>
   </div>
   <div class='ocr_carea' id='block_1_3' title="bbox 230 3922 969 4017">
    <p class='ocr_par' dir='ltr' id='par_1_3' title="bbox 230 3922 969 4017">
     <span class='ocr_line' id='line_1_33' title="bbox 230 3922 969 4017; baseline 0.001 -24"><span class='ocrx_word' id='word_1_241' title='bbox 230 3922 302 3994; x_wconf 84' lang='grc' dir='ltr'><strong><em>οἷόν</em></strong></span> <span class='ocrx_word' id='word_1_242' title='bbox 324 3952 358 3994; x_wconf 87' lang='grc' dir='ltr'><strong><em>τε</em></strong></span> <span class='ocrx_word' id='word_1_243' title='bbox 381 3924 537 4015; x_wconf 87' lang='grc' dir='ltr'><strong><em>κρομύοιο</em></strong></span> <span class='ocrx_word' id='word_1_244' title='bbox 562 3923 666 3995; x_wconf 86' lang='grc' dir='ltr'><strong><em>λοπδν</em></strong></span> <span class='ocrx_word' id='word_1_245' title='bbox 687 3926 774 3996; x_wconf 86' lang='grc' dir='ltr'><strong><em>κάτα</em></strong></span> <span class='ocrx_word' id='word_1_246' title='bbox 795 3933 969 4017; x_wconf 71' lang='grc' dir='ltr'><strong><em>ἰσχαλέοιο.</em></strong></span> 
     </span>
    </p>
   </div>
   <div class='ocr_carea' id='block_1_4' title="bbox 90 4024 1223 4295">
    <p class='ocr_par' dir='ltr' id='par_1_4' title="bbox 90 4024 1223 4295">
     <span class='ocr_line' id='line_1_34' title="bbox 229 4024 1223 4121; baseline -0.01 -24"><span class='ocrx_word' id='word_1_247' title='bbox 229 4026 293 4107; x_wconf 80' lang='grc' dir='ltr'><strong><em>τιδς</em></strong></span> <span class='ocrx_word' id='word_1_248' title='bbox 313 4034 375 4118; x_wconf 80' lang='grc' dir='ltr'><strong><em>μὲν</em></strong></span> <span class='ocrx_word' id='word_1_249' title='bbox 395 4034 454 4112; x_wconf 82' lang='grc' dir='ltr'><strong><em>έην</em></strong></span> <span class='ocrx_word' id='word_1_250' title='bbox 473 4028 637 4115; x_wconf 88' lang='grc' dir='ltr'><strong><em>μαλακός,</em></strong></span> <span class='ocrx_word' id='word_1_251' title='bbox 659 4028 810 4121; x_wconf 86' lang='grc' dir='ltr'><strong><em>λαμπρὸς</em></strong></span> <span class='ocrx_word' id='word_1_252' title='bbox 833 4032 862 4098; x_wconf 94' lang='grc' dir='ltr'><strong><em>δ’</em></strong></span> <span class='ocrx_word' id='word_1_253' title='bbox 880 4024 924 4113; x_wconf 86' lang='grc' dir='ltr'><strong><em>ἦν</em></strong></span> <span class='ocrx_word' id='word_1_254' title='bbox 944 4030 1053 4114; x_wconf 80' lang='grc' dir='ltr'><strong><em>ἠέλιος</em></strong></span> <span class='ocrx_word' id='word_1_255' title='bbox 1074 4029 1155 4112; x_wconf 54' lang='grc' dir='ltr'><strong><em>όςή</em></strong></span> <span class='ocrx_word' id='word_1_256' title='bbox 1220 4080 1223 4087; x_wconf 95' lang='grc'><strong><em>.</em></strong></span> 
     </span>
     <span class='ocr_line' id='line_1_35' title="bbox 90 4123 1222 4221; baseline -0.004 -17"><span class='ocrx_word' id='word_1_257' title='bbox 90 4160 91 4169; x_wconf 69' lang='grc'>’</span> <span class='ocrx_word' id='word_1_258' title='bbox 159 4140 211 4195; x_wconf 80' lang='lat'><strong><em>235</em></strong></span> <span class='ocrx_word' id='word_1_259' title='bbox 230 4124 252 4214; x_wconf 82' lang='grc' dir='ltr'><em>ἦ</em></span> <span class='ocrx_word' id='word_1_260' title='bbox 273 4137 333 4220; x_wconf 84' lang='grc' dir='ltr'><strong><em>μὲν</em></strong></span> <span class='ocrx_word' id='word_1_261' title='bbox 355 4136 477 4202; x_wconf 88' lang='grc' dir='ltr'><strong><em>πολλαί</em></strong></span> <span class='ocrx_word' id='word_1_262' title='bbox 498 4132 528 4220; x_wconf 85' lang='grc' dir='ltr'><strong><em>γ’</em></strong></span> <span class='ocrx_word' id='word_1_263' title='bbox 548 4129 650 4202; x_wconf 84' lang='grc' dir='ltr'><strong><em>αὐτόν</em></strong></span> <span class='ocrx_word' id='word_1_264' title='bbox 669 4123 866 4218; x_wconf 79' lang='grc' dir='ltr'><strong><em>ἐθηήσαντο</em></strong></span> <span class='ocrx_word' id='word_1_265' title='bbox 886 4143 1044 4221; x_wconf 83' lang='grc' dir='ltr'><strong><em>γυναῖκες.</em></strong></span> <span class='ocrx_word' id='word_1_266' title='bbox 1140 4209 1143 4213; x_wconf 52' lang='grc'><strong><em>,</em></strong></span> <span class='ocrx_word' id='word_1_267' title='bbox 1219 4169 1222 4174; x_wconf 52' lang='grc'><strong>&lt;</strong></span> 
     </span>
     <span class='ocr_line' id='line_1_36' title="bbox 1051 4244 1083 4295; baseline 0 0"><span class='ocrx_word' id='word_1_268' title='bbox 1051 4244 1083 4295; x_wconf 82' lang='grc'><strong><em>19</em></strong></span> 
     </span>
    </p>
   </div>
   <div class='ocr_carea' id='block_1_5' title="bbox 0 0 1634 4917">
    <p class='ocr_par' dir='ltr' id='par_1_5' title="bbox 0 0 1634 4917">
     <span class='ocr_line' id='line_1_37' title="bbox 0 0 1634 4917; baseline 0 0"><span class='ocrx_word' id='word_1_269' title='bbox 0 0 1634 4917; x_wconf 95' lang='lat' dir='ltr'><strong><em> </em></strong></span> 
     </span>
    </p>
   </div>
  </div>
 </body>
</html>
