3259 4917
84 2380 87 2445 ι

609 493 851 552 omnm}
875 497 907 550 R
925 496 949 549 Z

194 655 217 721 5
291 648 337 733 δς
359 648 427 742 ἀρα
449 655 481 719 οί
504 655 680 743 φρονέοντι
700 647 870 719 δοάσσατο
890 650 1021 738 κίρδιον
1042 646 1142 717 εἶναι·

170 758 294 844 475βῆ
316 756 349 846 ῥ’
366 756 438 845 ίμεν
460 761 505 834 είς
526 752 618 837 ὕλην.
646 750 711 837 τήν
730 758 765 823 δὲ
787 749 906 842 σχεδόν
924 751 1047 831 ὕδατος
1068 745 1162 842 εὗρεν

247 868 285 929 ὲν
305 863 586 953 περιφαινομένῳ·
609 854 719 936 δοιοὺς
741 856 771 924 δ’
790 854 846 947 ἀρ’
863 854 1018 940 ὑπήλυθε
1037 853 1205 942 θάμνους,

248 963 285 1045 ἐξ
307 960 438 1051 ἁμόθεν
457 965 649 1055 πεφυῶτας·
673 960 692 1029 ὁ
714 964 775 1049 μὲν
796 964 931 1053 φυλίης,
953 958 1027 1028 ὁδ’
1046 962 1168 1042 λλαίης.

237 1062 327 1147 ’τσδς
347 1070 408 1155 μὲν
428 1062 482 1155 ἀρ’
502 1062 571 1133 δότ’
590 1065 735 1151 ἀνίμων
743 1062 822 1147 διάη
842 1070 942 1151 μόνος
961 1058 1066 1153 ἀγρόν
1086 1062 1220 1149 ἀέντων,

250 1167 325 1239 οὔτε
346 1196 412 1239 ποτ
413 1170 549 1253 ἠ’έλιος
571 1172 715 1262 φαέθων
736 1168 867 1235 ἀκτίσιν
887 1169 1035 1252 ἔβαλλεν,
1120 1225 1128 1244 ,

176 1288 232 1341 480
250 1270 311 1343 οὔτ
313 1269 467 1379 ’ὄμβρος
488 1270 654 1364 περάασκε
677 1275 867 1363 διαμπερές·
890 1266 934 1349 ὣς
945 1266 1024 1361 ἀρα
1044 1274 1162 1339 ιαικνοί

251 1370 442 1461 ἀλλήλοισιν
464 1381 548 1469 ἔφυν
568 1376 803 1501 ίπαμοιβαδίς·
824 1350 924 1452 οάς
902 1374 959 1443 εντ’
978 1372 1153 1455 Ὀδυσσεύς

251 1480 366 1550 δόσετὶ
394 1476 488 1574 άῳαρ
512 1479 542 1548 δ’
562 1475 658 1563 εὐνήν
681 1476 876 1567 επαμήσατο
894 1481 989 1569 χερσὶ
1011 1482 1162 1572 φίλῃσιν.

251 1585 396 1675 εὐρεῖαν·
418 1582 551 1678 φάλλῳν
570 1579 637 1672 χάρ
659 1587 716 1667 ίην
734 1580 830 1671 χόσις
849 1577 960 1665 ἤλιθα
979 1580 1097 1666 πολλή,

253 1686 358 1757 ὅσσον
378 1686 409 1756 τ’
426 1688 465 1770 ήί
486 1685 552 1755 δόω
574 1686 611 1770 ήδ
633 1697 720 1779 τρεῖς
741 1682 868 1777 ἀνδρας
888 1689 1032 1775 ἔρυσθαι

99 1782 102 1793 ’
178 1798 235 1851 485
253 1790 320 1916 ὥρη
338 1795 497 1885 χειμερίη,
519 1794 625 1861 είκαλ
646 1789 740 1880 μάλα
761 1815 823 1879 περ
839 1792 1048 1878 χαλεπαίνοι.

252 1892 315 1979 τὴν
328 1899 397 1982 μὲν
416 1890 494 1963 ίδδν
515 1892 648 1981 γήθησε
670 1891 836 1975 πολύτλας
856 1895 930 1973 δως
946 1892 1128 1979 Ὀδυσσεύς,

252 2008 290 2068 ὲν
312 1996 385 2067 δ’
362 2024 430 2090 αρα
450 2004 554 2093 μέσση
575 2004 683 2081 λίκτο,
702 1996 799 2087 χύσιν
821 1996 855 2070 δ’
871 1997 1046 2101 ίπεχεόωο
1068 1997 1212 2096 φύλλων.

253 2103 298 2183 ὡς
320 2100 391 2171 δ”’
371 2128 426 2172 οτε
446 2128 497 2183 τις
518 2098 622 2171 δαλόν
644 2105 763 2195 σποδιῇ
784 2106 941 2196 ἐνέκρυψε
961 2108 1099 2198 μελαίνῃ

254 2206 362 2299 ἀγροῦ
383 2208 433 2275 ἐπ’
453 2210 620 2299 ἐσχατιῆς,
646 2198 673 2292 ᾦ
695 2202 742 2291 μή
763 2201 858 2293 πάρα
878 2210 1021 2291 γείτονες
1041 2203 1188 2289 ἄλλοι,

180 2322 237 2376 490
255 2318 386 2403 σπέρμα
407 2307 510 2399 πυρός
532 2308 657 2390 σώζων,
680 2313 736 2375 ίνα
758 2305 805 2395 μή
824 2312 940 2376 ποθεν
961 2305 1112 2377 ἀλλοθεν
1132 2306 1204 2402 αὕη,

255 2412 300 2495 εδς
318 2411 471 2495 Ὀδυσεὺς
492 2411 645 2508 φύλλοισι
667 2409 852 2505 καλύψατο
881 2414 929 2497 τῷ
950 2411 980 2479 δ’
998 2407 1054 2502 ἀρ’
1070 2409 1202 2495 Ἀθήνη

254 2518 360 2589 ὕπνον
382 2517 433 2586 ἐπ’
453 2513 580 2643 όμμασι
598 2516 674 2603 χεῦ’,
697 2520 753 2585 ίνα
774 2541 839 2603 μιν
852 2514 988 2604 παύσειε
1009 2512 1149 2604 τάχιστα

257 2626 437 2713 δυσπονέος
458 2619 635 2711 καμάτοιο,
662 2622 746 2721 φίλα
767 2620 910 2713 βλέφαρ’
929 2617 1199 2716 ἀμφικαλύψας.
1242 2639 1249 2647 '

206 2736 232 2790 Z
302 2722 346 2807 ιδς
367 2726 386 2794 ὁ
399 2730 468 2855 μὲν
489 2729 579 2793 ἔνθα
599 2726 745 2793 καθεῦδε
766 2722 931 2851 πολύτλας
952 2726 1025 2805 δῖος
1043 2723 1215 2816 ,θδυσσεός

257 2828 350 2917 ὕπνῳ
371 2834 427 2899 καί
449 2828 585 2917 καμάτῳ
607 2828 788 2918 ἀρημένος
809 2826 917 2920 αὐτὰρ
936 2828 1146 2913 Ἀθήνη.ο
1253 2882 1257 2887 ,

257 2938 306 3023 βη
326 2934 356 3023 ῥ’
374 2942 410 3015 ἐς
434 2930 590 3019 Φαιήκων
612 2933 742 3023 ἀνδρῶν
764 2932 873 3058 δῆμόν
894 2959 930 3001 τε
950 2931 1049 3004 πόλιν
1069 2954 1153 3015 τε,
1164 2961 1193 2981 v
1224 2931 1244 2993 ⁵.

261 3043 294 3108 οἳ
261 3042 395 3128 οπρὶν
415 3043 477 3126 μίν
497 3063 561 3107 ποτ
563 3038 701 3106 ’ἔναιον
721 3044 758 3105 ἐν
780 3035 944 3128 εὐρυχόρῳ
961 3037 1119 3130 Υπερείη,

224 3156 241 3207 5
260 3168 364 3231 αχχου
384 3140 590 3222 Κυκλώπων,
612 3139 777 3227 ἀνδρων“
762 3135 1057 3228 υπερηνορεόντωκ,

260 3252 297 3315 οί
317 3270 423 3341 σφεας
444 3253 646 3327 σινέσκοντο,
668 3247 769 3337 βίηφι
792 3246 827 3313 δὲ
849 3249 1001 3337 φέρτεροι
1020 3232 1118 3326 ἦσαν.

259 3348 402 3419 ίνθεν
382 3347 573 3433 ἀναστήσας
594 3344 653 3437 ἀχε
676 3352 877 3428 Ναυσίθοος
897 3344 1061 3430 θεοειδής,
1119 3393 1123 3400 »

261 3455 403 3524 είσενδλ
424 3455 567 3549 Σχερίῃ,
588 3448 665 3532 ἑκάς
687 3452 818 3543 ἀνδρῶν
839 3449 1054 3546 ἀλφηστάων,

261 3559 351 3650 ἀμφὶ
372 3561 408 3627 δὲ
428 3567 533 3646 τεῖχος
554 3560 671 3625 ίλασσε
692 3555 801 3638 πόλει,
823 3560 880 3623 καὶ
901 3558 1054 3641 ἐδείματο
1076 3554 1194 3632 οίκους,

210 3676 244 3729 10
261 3668 318 3731 καὶ
338 3658 445 3745 νηοάς,
461 3664 580 3742 ποίησε
602 3662 710 3740 θεοῖν,
732 3664 789 3726 καὶ
811 3652 1143 3746 ἐδάσσατ’·ἀροάρας.

263 3767 336 3835 ἀλλ’
355 3766 375 3835 ό
397 3770 458 3852 μὲν
477 3760 542 3845 ἤδη
564 3764 640 3849 κηρὶ
662 3764 777 3847 δαμεὶς
795 3756 941 3827 Ἄιδόσδε
963 3757 1105 3845 βεβήκει,

261 3871 428 3948 Ἀλκίνοος
450 3870 484 3935 δὲ
506 3862 577 3932 τότ’
597 3856 690 3953 ἦρχε,
711 3867 804 3933 θεῶν
825 3859 895 3934 ἀπο
915 3861 1022 3950 μήδεα
1043 3862 1146 3943 είδιίς.

264 3978 324 4043 τοῦ
344 3978 405 4061 μὲν
427 3970 487 4057 ἔβη
508 3962 593 4059 πρὸς
614 3969 709 4053 δῶμα
736 3962 804 4035 θεά
826 3970 1011 4053 γλαυκῶπις
1028 3966 1167 4051 Ἀθήνη,
1299 4024 1302 4030 ,

264 4075 385 4147 νόστον
403 4074 560 4156 Ὀδυσσῆι
578 4068 786 4162 μεγαλήτορι,
799 4066 979 4157 μητιόωσα.
