3259 4917
340 556 393 610 274
726 549 963 605 ΟΔΥΣΣΕΙΑΣ
990 548 1012 601 Σ

285 714 326 779 18
385 706 444 776 τόν
467 708 494 773 δ’
516 702 781 791 ἀπαμειβόμενος
802 708 954 793 προσέφη
975 697 1157 788 πολύμητις
1174 698 1352 779 Ὀδυσσεύς

277 830 326 879 125
351 811 553 901 «Ἀμφίνομ’,
573 800 597 889 ή
619 804 710 893 μάλα
733 831 790 895 μοι
813 809 935 884 δοκέεις
954 808 1158 889 πεπνυμένος
1179 802 1279 870 εἶναι·
1307 860 1314 866 .

210 916 222 927 ’
344 919 436 983 τοίου
457 910 521 1001 γάρ
543 916 600 979 καὶ
621 908 761 997 πατρός,
784 913 853 976 ἐπεὶ
873 913 967 987 κλέος
988 901 1117 975 έσθλάν
1138 901 1269 987 ἀκουον,

345 1022 457 1086 Νῖσον
478 1018 654 1101 Δουλιχιῆα
677 1012 732 1081 ἐάν
753 1012 782 1079 τ’
802 1011 878 1103 ’ἔμεν
899 1009 1039 1103 ἀφνειόν
1059 1032 1111 1077 τε·

346 1124 404 1188 τοῦ
427 1119 458 1186 σ’
476 1124 511 1185 έκ
533 1140 619 1209 φασι
639 1120 815 1202 γενέσθαι,
838 1118 940 1207 ἐπητῇ
962 1112 991 1180 δ’
1012 1113 1109 1199 ἀνδρὶ
1130 1117 1247 1191 έοικας.

347 1219 484 1291 τοῦνεκά
505 1246 562 1288 τοι.
579 1226 672 1310 ἐρέω,
700 1212 740 1287 στί
764 1222 798 1287 δὲ
821 1217 947 1287 σόνθεο
969 1220 1027 1283 καί
1046 1240 1107 1301 μευ
1128 1212 1281 1283 ἀκουσον.

280 1343 330 1395 1311
348 1325 442 1393 οὐδέν
465 1320 675 1410 ἀκιδνότερον
697 1335 778 1408 γαῖα
800 1327 912 1412 τρέφει
933 1317 1139 1407 ἀνθρώποιο,
1189 1376 1194 1381 Α

347 1426 480 1495 πάντων
502 1426 588 1493 ὅσσα
609 1450 644 1492 τε
666 1436 767 1512 γαῖαν
788 1428 842 1490 έπι
861 1427 964 1489 πνείει
984 1448 1019 1489 τε
1041 1426 1099 1488 καὶ
1120 1430 1216 1511 έρπει.

349 1530 388 1598 οὐ
408 1534 468 1615 μέν
489 1526 553 1614 γάρ
576 1534 654 1596 ποτέ
678 1551 761 1620 φησι
783 1523 886 1593 κακὸν
906 1528 1087 1593 πείσεσθαι
1108 1524 1243 1604 ὀπίσσω,

349 1630 428 1724 ὄφρ’
449 1629 569 1718 ἀρετῆν
590 1637 755 1720 παρέχωσι
777 1633 856 1696 θεοί
878 1633 934 1695 καί
955 1625 1088 1713 γούνατ’
1108 1625 1230 1720 όριόρη·

350 1734 421 1800 ἀλλ’
442 1730 499 1800 ὅτε
519 1729 560 1815 δή
583 1738 638 1802 καὶ
660 1728 763 1822 λυγρά
787 1734 866 1798 θεοὶ
887 1728 1032 1818 μάκαρες
1054 1736 1235 1809 τελέσωσιν,

283 1853 333 1903 135
350 1840 406 1903 καὶ
427 1831 469 1903 τά
492 1842 584 1925 φέρει
606 1833 823 1921 ἀεκαζόμενος
844 1832 993 1915 τετληότι
1012 1838 1124 1921 θυμῷ.

350 1953 440 2017 τοῖος
461 1935 524 2024 γάρ
547 1937 626 2019 νόος
646 1944 735 2008 ἐστὶν
757 1942 959 2025 ἐπιχθονίων
979 1936 1171 2027 ἀνθρώπων

352 2039 424 2109 οἷον
446 2040 495 2107 ἐπ’
515 2034 605 2130 ήμαρ
628 2039 726 2135 ἀγησι
746 2039 857 2129 πατήρ
879 2041 1010 2131 ἀνδρῶν
1030 2066 1065 2107 τε
1087 2045 1181 2108 θεῶν
1200 2065 1245 2107 τε.
1324 2110 1328 2116 ,

351 2149 407 2213 καὶ
428 2141 492 2233 γάρ
515 2142 577 2230 έγιό
599 2145 672 2213 ποτ’
693 2147 829 2231 ’ἔμελλον
850 2152 886 2211 ὲν
908 2142 1070 2232 ἀνδράσιν
1091 2141 1205 2230 ὄλβιος
1226 2139 1317 2223 εἶναι,

352 2244 459 2316 πολλά
482 2247 512 2315 δ’
531 2246 704 2315 ἀτάσθαλ’
724 2246 818 2337 ἐ’ρεξα
838 2250 895 2339 βίη
916 2252 973 2315 καὶ
993 2246 1108 2334 κάρτειΙ
1128 2248 1228 2326 είκων,

285 2374 335 2427 110
352 2357 453 2442 πατρί
475 2351 503 2418 τ’
523 2356 591 2438 ἐμῷ
612 2358 748 2431 πίσυνος
770 2356 826 2418 καὶ
848 2359 957 2437 έμοῖσι
977 2348 1231 2436 κασιγνήτοισιν.

352 2458 399 2541 τῷ
420 2452 467 2542 μή
489 2460 539 2533 τίς
560 2481 639 2523 ποτε
661 2454 802 2541 πάμπαν
818 2453 911 2545 ,ἀνὴρ
933 2454 1131 2541 ἀθεμίστιος
1152 2454 1211 2535 ε’ίη,

353 2556 428 2624 ἀλλ’
448 2555 468 2623 ό
490 2582 526 2641 γε
549 2562 623 2651 σιγῇ
645 2563 734 2647 δῶρα
758 2563 851 2625 θεῶν
871 2562 952 2643 έχοι,
976 2555 995 2625 ό
1019 2584 1069 2624 ττι
1091 2560 1222 2625 διδοῖεν.

355 2657 397 2727 οἷ’
418 2658 505 2748 ὁρόω
527 2663 720 2747 μνηστῆρας
741 2660 925 2728 ἀτάσθαλα
945 2658 1192 2748 μηχανόωντας,

354 2760 505 2845 κτήματα
527 2766 695 2847 κείροντας
716 2768 772 2830 καὶ
793 2762 1015 2850 ἀτιμάζοντας
1035 2761 1162 2831 ἀκοιτιν

287 2889 337 2941 115
356 2861 490 2950 ἀνδρός,
513 2860 553 2931 ὃν
576 2862 682 2931 οὐκέτι
704 2870 791 2956 φημὶ
813 2870 920 2957 φίλων
940 2871 999 2934 καὶ
1019 2870 1178 2955 πατρίδος
1199 2865 1274 2946 α’ίης

356 2964 459 3058 δηρόν
481 2967 705 3035 ἀπέσσεσθαι·
727 2966 822 3054 μάλα
844 2972 878 3036 δέ
902 2968 1027 3056 σχεδόν.
1053 2968 1140 3040 ἀλλά
1162 2991 1199 3036 σε
1221 2971 1349 3055 δαίμων
1391 3024 1394 3028 ,

356 3069 460 3141 οἴκαδ’
477 3069 693 3157 ὑπεξαγάγοι,
714 3072 792 3158 μηδ’
812 3071 1001 3151 ἀντιάσειας
1022 3076 1140 3157 ἐκείνῳ,

357 3173 480 3241 ὁππότε
501 3173 668 3257 νοστήσειε
691 3180 857 3265 φίληνὶές,
869 3178 1014 3265 πατρίδα
1035 3185 1151 3258 γαῖαν·

358 3276 399 3342 οὐ
417 3272 482 3361 γάρ
504 3275 668 3362 ἀναιμωτί
688 3304 724 3362 γε
747 3281 996 3369 διακρινέεσθαι
1016 3277 1075 3345 ἀίω
1189 3348 1193 3351 .

288 3399 339 3451 150
356 3380 547 3467 μνηστῆρας
568 3382 624 3445 καὶ
645 3392 766 3459 κεῖνον,
789 3386 859 3447 ἐπεί
880 3406 914 3447 κε
935 3386 1113 3469 μέλαθρον
1130 3381 1293 3472 ἀπέλθῃ.»

402 3476 445 3559 ἀς
468 3478 571 3572 φάτο,
594 3484 650 3547 καὶ
672 3486 809 3558 σπείσας
831 3490 917 3549 έπιεν
938 3488 1093 3570 μελιηδέα
1114 3483 1214 3562 οἶνον,

357 3580 412 3674 ἀφ’
432 3583 462 3651 δ’
482 3590 517 3651 έν
535 3588 650 3674 χερσὶν
674 3588 776 3667 έθηκε
797 3588 899 3664 δέπας
919 3586 1101 3675 κοσμήτορι
1121 3590 1220 3653 λαῶν.

358 3682 462 3771 αὐτάρ
487 3685 504 3753 ὁ
527 3690 573 3773 βῆ
596 3684 651 3753 διά
674 3690 768 3773 δῶμα
791 3692 891 3780 φίλον
915 3696 1102 3776 τετιημένος
1122 3683 1215 3779 η’τορ,

357 3786 539 3868 νευστάζων
561 3794 703 3881 κεφαλῇ·
726 3787 767 3872 δὴ
789 3788 854 3879 γὰρ
875 3790 979 3860 κακόν
1000 3788 1117 3860 ὄσσετο
1140 3790 1261 3879 θυμός.
1340 3815 1343 3824 ’

290 3906 339 3957 155
358 3886 431 3953 ἀλλ’
452 3889 520 3955 οἶδ’
541 3885 583 3969 ὦς
606 3890 689 3982 φόγε
710 3897 811 3982 κῆρα·
834 3899 954 3976 πέδησε
975 3898 1011 3963 δὲ
1032 3894 1170 3964 καὶτὸν
1192 3892 1332 3975 Ἀθήνη,

363 3989 556 4075 Τηλεμάχου
576 3991 641 4061 ὑπὸ
661 4000 755 4081 χερσὶ
776 4001 833 4063 καὶ
855 4002 942 4083 έγχεί·
961 3997 1014 4089 ἶφι
1035 4002 1192 4085 δαμῆναι

357 4086 409 4180 ἀφ
431 4091 461 4158 δ’
477 4086 569 4172 αὖτις
589 4096 660 4163 κατ’
678 4094 733 4185 ἀρ’
751 4098 831 4179 ἕζετ’
850 4105 904 4167 έπί
926 4098 1057 4189 θρόνου
1077 4106 1181 4169 ένθεν
1201 4099 1332 4179 ἀνέστη
