3259 4917
646 558 884 615 ΟΔῩΣΣΕΙΑΣ
910 562 933 615 Β

213 714 233 777 2
305 708 350 789 εδς
372 709 476 802 φάτο,
502 710 644 780 κώκυσεν
666 717 700 781 δὲ
717 718 805 805 «φίλη
828 712 954 807 τροφός
976 713 1165 805 Εὐρύκλεια,

258 818 317 883 καί
337 815 370 901 ῥ’
390 814 620 907 ὀλοφυρομένη
643 821 721 884 ἔπεα
743 815 922 907 πτερόεντα
944 817 1123 909 προσηύδα.

266 922 379 986 «τίπτε
402 920 437 985 δέ
459 944 525 998 τοι,
548 922 624 1011 φίλε
645 926 773 1001 τέκνου,
796 925 845 989 ἐνὶ
867 926 966 1012 φρεσί
986 926 1085 989 τοῦτο
1107 919 1218 1009 νόημα

259 1026 394 1105 ἐπλετος
416 1024 462 1113 πῆ
484 1020 518 1088 δ’
530 1026 657 1101 ἐθέλεις
679 1030 763 1091 ίίναι
784 1023 912 1109 πολλὴν
933 1029 986 1091 ἐπὶ
1006 1033 1110 1109 γαῖαν
1184 1050 1188 1055 ·

192 1143 241 1195 365
259 1129 384 1215 μοῦνος
402 1122 467 1193 ἐάν
488 1123 676 1211 άγαπητός;
701 1125 773 1196 ὁδ’
789 1123 889 1193 ι’ίλετο
910 1124 1036 1207 τηλόθι
1057 1124 1184 1215 πάτρης

260 1224 409 1314 διογενῆς
426 1225 579 1306 Ὀδυσεῦς
600 1226 795 1314 ἀλλογνώτῳ
817 1231 866 1295 ἐνί
886 1226 990 1316 δήμῳ.

226 1354 232 1360 ·
260 1338 292 1398 οί
316 1334 350 1397 δέ
371 1353 424 1398 τοι
446 1330 552 1398 αὐτίκ’
572 1328 656 1397 ίόντι
676 1325 762 1397 κακά
785 1329 996 1423 φράσσονται
1017 1331 1153 1413 ὀπίσσω,

261 1431 360 1515 ὥςκε
383 1432 469 1519 δόλφ
492 1438 612 1525 φθίῃς,
635 1433 713 1502 τάδε
736 1432 764 1501 δ’
781 1433 879 1518 αὐτοί
899 1432 1012 1502 πάντα
1034 1433 1204 1505 δάσονται

261 1534 347 1605 ἀλλά
368 1536 439 1624 μέν’
459 1530 542 1605 αὖθ’
563 1542 615 1606 ἐπὶ
638 1548 726 1606 σοῖσι
747 1534 956 1622 καθήμενος·
980 1537 1055 1606 οὐδέ
1075 1542 1110 1605 τί
1131 1562 1168 1607 σε
1187 1538 1253 1629 χρή

189 1661 241 1714 370
260 1639 385 1708 πόντον
406 1639 457 1706 ἐπ’
476 1639 654 1727 ἀτρύγετον
675 1636 761 1709 κακά
781 1637 920 1728 πάσχειν
941 1640 1011 1708 οὐδ’
1033 1639 1262 1723 ἀλάλησθαι.»

253 1760 257 1766 ’
302 1740 365 1825 τὴν
386 1743 416 1811 δ’
436 1736 479 1811 αῦ
506 1746 697 1830 Τηλέμαχος
717 1750 919 1830 πεπνυμένος
941 1743 1057 1811 ἀντίον
1078 1740 1164 1825 ηῦδα

266 1844 426 1934 «θάρσει,
448 1846 532 1930 μαῖ’,
554 1844 686 1914 ἐπεὶοῦ
707 1870 759 1913 τοι
780 1842 860 1940 ἀνευ
881 1849 971 1913 θεοῦ
989 1844 1049 1927 ἥδε
1070 1872 1108 1931 γε
1128 1846 1244 1933 βουλή.

258 1951 333 2018 ἀλλ’
352 1946 480 2036 όμοσον
500 1946 546 2036 μῆ
566 1954 668 2037 μητρὶ
689 1953 770 2042 φίλη
791 1947 871 2017 τάδε
891 1946 1131 2036 μυθήσασθαι,

258 2056 338 2143 πρίν
359 2053 390 2138 γ’
411 2050 458 2119 ὅτ’
478 2048 521 2119 ἀν
540 2051 696 2135 ἑνδεκάτη
718 2077 754 2120 τε
775 2052 960 2137 δυωδεκάτη
981 2078 1017 2120 τε
1038 2060 1182 2139 γένηται,

187 2172 239 2223 375
259 2153 281 2238 ἢ
304 2151 408 2236 αῦτῆν
428 2160 579 2224 ποθέσαι
599 2161 655 2223 καὶ
679 2155 942 2248 ἀφορμηθέντος
962 2156 1113 2236 ἀκοῦσαι,
1198 2192 1205 2199 ·

259 2261 302 2339 ὡς
325 2258 368 2327 ἀν
388 2256 435 2346 μὴ
457 2263 620 2325 κλαίουσα
640 2255 726 2324 κατά
745 2255 958 2346 χρόαιιαλόυ
979 2256 1109 2350 ἰάπτῃ.»
1174 2304 1177 2309 ·

303 2360 347 2442 ἀς
369 2359 422 2450 ἀρ’
444 2364 524 2451 ἐφη,
546 2354 647 2445 γρηῦς
669 2362 704 2425 δέ
724 2362 818 2425 θεῶν
838 2364 944 2446 μέγαν
965 2357 1066 2446 ὅρκον
1086 2358 1248 2446 ἀπώμνυ.

258 2464 365 2551 αὐτάρ
388 2464 459 2531 ἐπεί
480 2463 510 2549 ῥ’
532 2458 654 2547 ὄμοσέν
674 2486 710 2527 τε
731 2458 921 2543 τελεύτησέν
941 2487 976 2530 τε
997 2458 1058 2529 τόν
1080 2458 1188 2551 ὅρκον,

259 2570 364 2639 αὐτίκ’
384 2565 495 2635 ῖπειτά
517 2570 550 2633 σί
572 2561 663 2633 οἶνον
684 2572 720 2632 ἐν
741 2565 989 2657 ἀμφιφορεῦσιν
1009 2560 1169 2656 άφυσσεν,

183 2685 240 2738 330
258 2682 295 2742 ἐν
318 2677 352 2741 δέ
375 2677 407 2740 οί
429 2667 556 2761 ἀλφιτα
573 2673 669 2756 χεῦεν
689 2676 905 2760 ἐυρραφέεσσι
925 2672 1082 2759 δοροῖσιν.

264 2781 456 2862 Τηλέμαχος
478 2773 508 2840 δ’
525 2780 558 2850 ἐς
580 2770 703 2858 δείματ’
724 2768 781 2840 ίιίν
802 2776 1008 2861 μνηστῆρσιν
1030 2774 1145 2860 ὁμίλει.
1211 2851 1215 2859 ι

304 2879 379 2947 ἐνθ’
399 2866 470 2945 αὖτ’
489 2873 562 2943 ἀλλ’
581 2873 696 2957 ἐνόησε
717 2873 787 2943 θεά
809 2880 993 2961 γλαυκῶπις
1012 2875 1150 2959 Ἀθήνη,

264 2975 444 3067 Τηλεμάχῳ
467 2980 496 3047 δ’
516 2988 620 3047 ἐικυῖα
640 2977 726 3046 κατά
747 2978 864 3046 πτόλιν
886 2976 987 3066 ᾤχετο
1009 2978 1124 3070 πάντη,

257 3092 317 3153 καί
338 3089 382 3173 ῥα
404 3081 646 3173 ἐκάστφίφωτὶΙ
659 3087 887 3169 παρισταμένη
910 3080 1000 3171 φάτο
1021 3083 1145 3166 μῦθον,

91 3187 95 3195 ’
182 3208 238 3261 385
257 3192 428 3277 ἑσπερίους
449 3185 479 3253 δ’
494 3189 548 3255 ἐπὶ
569 3182 750 3267 νῆα.θοῆν
772 3178 1104 3273 ἀγέρεσθαιάνιίγει.

257 3291 280 3374 ἡ
304 3292 334 3359 δ’
350 3282 428 3358 αῦτε
454 3292 612 3379 Φρονίοιο
635 3286 801 3375 Νοήμονα
823 3290 985 3378 φαίδιμον
1005 3283 1081 3353 υίόν

256 3391 328 3487 ᾔτεε
350 3396 417 3475 νῆα
438 3391 546 3474 θοήν·
569 3392 588 3459 ό
612 3394 647 3459 δέ
671 3399 702 3459 οί
724 3381 1074 3485 πρόφρων·ῦπίδεκτο.

258 3493 375 3564 δύσετό
396 3495 426 3562 τ’
445 3495 567 3578 ῆέλιος,
590 3493 748 3563 σκιόωντό
770 3520 805 3563 τε
827 3500 935 3561 πᾶσαι
955 3493 1082 3579 ἀγυιαί·

249 3604 314 3671 ,καὶ
335 3597 409 3666 τότε
432 3587 498 3681 νῆα
520 3595 613 3680 θοὴν
635 3596 731 3667 ἅλαδ’
751 3598 871 3685 είρυσε,
894 3595 1005 3662 πάντα
1025 3593 1057 3659 δ’
1073 3600 1109 3661 ἐν
1130 3593 1212 3685 αὐτῇ

179 3716 239 3769 330
258 3698 333 3769 ὅπλ’
353 3706 474 3782 ἐτίθει,
496 3702 540 3770 τά
561 3726 596 3767 τε
617 3705 694 3781 νῆες
715 3698 889 3783 ἐύσσελμοι
909 3700 1096 3788 φορέουσιν.
1181 3723 1195 3735 ·

258 3810 358 3887 στῆσε
381 3805 410 3873 δ’
422 3804 477 3891 ,ἐπ’
499 3808 637 3894 ἐσχατιῇΙ
654 3807 796 3887 λιμένος,
820 3804 900 3888 περὶ
917 3799 947 3893 δ’
963 3800 1083 3865 ἐσθλοί
1097 3797 1228 3892 -ἐταῖροι
1274 3818 1278 3821 ’

257 3906 385 3997 ἀθρόοι
405 3907 628 3994 ἠγερέθοντο·
649 3901 719 3971 θεά
742 3903 772 3970 δ’
787 3899 932 3991 ὤτρυνεν
951 3908 1121 3980 ἕκαστον(

301 4010 374 4077 ἐνθ’
388 4002 466 4079 ἀὖτ’
488 4004 562 4075 ἀλλ’
583 4004 697 4087 ἐνόησε
719 4002 789 4072 θεά
809 4007 995 4091 γλαυκῶπις
1014 4002 1152 4087 Ἀθήνη,

256 4114 303 4198 fir*
324 4113 355 4181 δ’
371 4114 479 4200 ίμεναι
501 4107 584 4202 πρός
606 4106 729 4196 δώματ’
744 4109 928 4191 Ὀδυσσῆος
947 4110 1074 4177 θείοιο·

1094 4216 1110 4266 3
