3259 4917
336 486 371 541 68
461 537 467 548 ,
721 482 960 539 ΟΔΥΣΣΕΙΑΣ
986 486 1009 537 Δ

292 640 313 707 4
339 637 452 730 δώρων
474 639 511 721 δ’,
533 635 606 707 ὅσσ’
628 644 663 705 ἐν
684 641 753 725 ἐμῷ
774 638 852 724 οίκφ
873 635 1024 726 κειμήλια
1044 645 1158 718 κεῖται,

337 739 430 810 δώσω
453 738 472 809 δ
495 740 749 812 κάλλιστονκαὶ
770 739 989 829 τιμηέστατόν
1011 748 1109 810 ἔστιν.

268 860 319 913 615
339 844 431 913 δώσω
454 871 507 914 τοι
527 848 675 937 κρητῆρα
696 851 906 933 τετυγμένον·
930 841 1090 934 ἀργύρεος
1111 846 1147 911 δό

337 953 425 1018 ἔστιν
446 947 549 1031 άπας,
569 954 681 1039 χρυσῷ
703 949 733 1016 δ’
751 952 803 1016 ἐπὶ
822 952 936 1036 χείλεα
957 946 1170 1038 κεκράανται·

337 1058 433 1142 ἔργον
455 1053 484 1121 δ’
508 1054 722 1144 Ἡφαίστοιο.
752 1049 855 1142 πόρεν
876 1055 950 1119 δίέ
975 1054 1141 1138 Φαίδιμος
1161 1049 1257 1142 ἥρως,
1374 1112 1377 1119 .

337 1158 507 1225 Σιδονίων
527 1153 695 1243 βασιλεύς,
718 1152 778 1222 ὅθ’
797 1150 851 1232 ἔός
874 1153 976 1241 δόμος
994 1155 1237 1249 ’ἀμφεκάλυψεν

268 1374 320 1427 626
383 1361 425 1443 ώς
448 1370 481 1431 οἱ
502 1367 563 1451 μὲν
583 1356 722 1430 τοιαῦτα
743 1358 828 1451 πρὸς
849 1361 1012 1444 ἀλλήλους
1032 1359 1202 1449 ἀγόρευον,

268 1477 320 1529 625
337 1472 520 1557 μνηστῆρες
542 1470 578 1534 δὲ
598 1464 767 1557 πάροιθεν
785 1465 967 1552 Ὀδυσσῆος
987 1464 1145 1557 μεγάροιο

338 1575 499 1643 δίσκοισιν
520 1576 680 1660 τέρποντο
702 1572 758 1637 καὶ
781 1574 969 1662 αἰγανέῃσιν
990 1575 1100 1651 ἱέντες,

337 1685 373 1745 έν
394 1679 498 1761 τυκτῷ
520 1676 665 1759 δαπέδῳ,
689 1670 751 1741 ὅθι
771 1698 832 1763 περ
854 1671 961 1763 πάρος
982 1669 1080 1763 ύβριν
1101 1678 1241 1761 ἔχεσκον.

336 1782 501 1858 Ἀντίνοος
523 1781 558 1846 δὲ
579 1780 734 1859 καθῆστο
757 1780 812 1844 καὶ
834 1774 1215 1865 Ευρύμαχοςθεοειδής,
1238 1837 1243 1844 .

339 1882 435 1973 ἀρχοὶ
456 1877 667 1973 μνηστήρων,
689 1879 789 1971 ἀρετῇ
811 1879 841 1947 δ’
860 1885 941 1949 ἔσαν
960 1880 1046 1968 ἔξοχ’
1064 1877 1204 1971 ἀριστοι.
1299 1952 1304 1957 ,

269 1999 321 2053 666
339 1998 409 2066 τοῖς
431 1986 461 2054 δ’
476 1982 545 2064 υίὸς
571 1984 728 2074 Φρονίοιο
751 1980 901 2070 Νοήμων
921 1982 1065 2071 ἐγγύθεν
1086 1982 1216 2053 ἐλθών.

336 2091 504 2159 Ἀντίνοον
525 2087 686 2177 μύθοισιν
708 2085 920 2178 ἀνειρόμενος
940 2093 1140 2178 προσέειπεν.

344 2194 509 2275 «Ἀντίνο’,
532 2185 556 2275 ἦ
578 2189 623 2281 ῥά
645 2214 678 2259 τι
699 2191 792 2279 ἰ’δμεν
814 2195 863 2259 ἐνὶ
885 2197 1019 2283 φρεσίν,
1041 2186 1078 2275 ήε
1100 2196 1158 2261 καὶ
1179 2192 1259 2274 οὐκί,

339 2294 461 2366 ὁππότε
490 2300 681 2383 Τηλέμαχος
702 2294 780 2363 νεῖτ’
799 2301 836 2361 ἐκ
857 2294 976 2363 Πύλου
996 2293 1227 2382 ἠμαθόεντος,

337 2398 404 2482 νῆά
426 2427 484 2487 μοι
503 2398 602 2487 ‘dixer’
622 2396 728 2485 άγων·
751 2402 806 2485 έμδ
829 2400 864 2465 δὲ
882 2394 968 2487 χρεώ
990 2403 1137 2485 γίγνεται
1157 2400 1259 2483 αὐτῆς

268 2520 320 2574 665
332 2500 443 2571 Ἤλιδ’
463 2512 496 2580 ἐς
519 2500 694 2591 εὐρύχορον
716 2500 928 2588 διαβήμεναι,
950 2506 1041 2577 ἔνθα
1061 2511 1121 2589 μοι
1142 2508 1237 2571 λἰεσιοι

339 2604 463 2673 δώδεκα
487 2600 722 2687 δήλειαι,ύπδ
746 2604 775 2670 δ’
789 2604 924 2692 ήμίονοι
945 2610 1124 2696 ταλαεργοί

338 2708 498 2796 ἀδμῆτες·
519 2702 585 2776 τών
606 2714 660 2776 κέν
682 2708 743 2775 τιν’
763 2707 989 2797 ἐλασσούμενος
1009 2710 1257 2800 δαμασαίμην.»

382 2808 426 2892 ώς
448 2812 562 2905 ἔφαθ’,
585 2817 620 2893 οὶ,
639 2812 667 2878 δ
685 2808 751 2879 ἀνά
773 2809 889 2900 θυμὸν
908 2810 1097 2899 έδάμβεον·
1120 2812 1163 2882 οὐ.
1181 2810 1246 2905 γάρ
1267 2817 1393 2905 ἔφαντο

338 2924 371 2995 ἐς
393 2914 515 2983 Πύλον·
533 2915 689 3003 οἴχεσθαι
710 2914 878 2997 Νηλήιον,
899 2911 987 2983 ἀλλά
1008 2941 1074 2986 που
1094 2916 1199 2985 αὑτοῦ
1275 2954 1278 2959 -

227 3026 242 3045 ⁶
269 3034 320 3088 646
338 3020 450 3111 ἀγρῶν
471 3016 494 3102 ή
514 3016 648 3105 μήλοισι
669 3024 877 3109 παρέμμεναι
897 3018 936 3101 ήὲ
958 3015 1095 3112 συβώτη.

336 3120 396 3193 τὸν
418 3124 448 3192 δ’
464 3116 537 3192 αὖτ’
557 3124 721 3202 Ἀντίνοος
742 3129 912 3215 προσέφη,
934 3122 1123 3200 Εὐπείθεος
1143 3120 1222 3203 υίός,

344 3232 521 3315 «νημερτές
542 3253 600 3313 μοι
621 3232 743 3307 ἔνισπε,
765 3224 846 3293 πότ’·
861 3222 977 3313 ώγετο,
999 3230 1057 3294 καὶ
1079 3231 1164 3306 τίνες
1185 3226 1275 3312 αὐτῷ

336 3335 451 3420 κοῦροι
471 3330 589 3413 ἔσοντ’,
608 3326 748 3410 Ἰθάκης
769 3328 944 3416 ἐξαίρετοι,
965 3323 990 3413 ή
1011 3335 1061 3399 ἑοὶ
1082 3329 1186 3399 αάτυῦ
1265 3376 1269 3383 ·

337 3436 442 3515 θῆτές
463 3458 498 3500 τε
521 3435 625 3519 δμῶές
646 3456 698 3517 τες
722 3430 856 3501 δύναιτό
878 3458 914 3500 κε
936 3436 993 3501 καὶ
1013 3430 1053 3501 τό
1075 3436 1234 3502 τελέσσαι.

267 3548 318 3601 645
337 3542 394 3603 καί
414 3562 473 3623 μοι
494 3536 582 3605 τοῦτ’
601 3532 784 3624 ἀγόρευσον
806 3534 979 3625 ἐτήτυμον,
1000 3533 1082 3629 ὄφρ’
1094 3528 1138 3605 .εά
1159 3540 1242 3618 είδῶ,

336 3634 359 3720 ή
381 3659 417 3707 σε
439 3642 496 3729 βίη
518 3639 675 3718 ἀέκοντος
697 3636 831 3730 ἀπηύρα
853 3643 919 3722 νήει
940 3642 1109 3727 μέλαιναν,

372 3818 421 3869 621
442 3801 596 3890 δαλταμόνες
614 3814 639 3873 δ’
655 3824 679 3879 ές
698 3815 799 3890 δώματ’
813 3824 870 3873 ίσαν
891 3822 973 3873 θείου
989 3819 1119 3891 βμσιληος.

443 3908 469 3956 οἱ
487 3898 511 3957 δ
528 3898 591 3973 ήγον
608 3910 654 3973 μὲν
672 3906 753 3975 μῆλα,
772 3910 852 3977 φέρον
870 3900 896 3958 δ’
909 3901 1021 3978 εάήνορα
1039 3910 1123 3957 οἶνον·

442 3997 514 4041 οἶτον
533 3992 563 4043 δί
579 3985 628 4059 σφ’
640 3986 732 4058 ἀλοχοι
749 3987 961 4063 καλλικρήδεμνοι
977 3995 1102 4060 ἔπεμπον.

441 4069 476 4135 δίς
494 4078 522 4127 ot
537 4078 584 4145 μέν
602 4079 661 4147 περὶ
679 4078 783 4132 δεῖπνον
800 4075 842 4130 ἐνί
852 4074 989 4150 μεγάροισι
1007 4082 1125 4132 πένοντο.
