3259 4917
339 563 376 620 ιε
724 547 961 619 mmm
988 565 1014 617 κ

181 739 182 744 ’
291 716 313 783 6
347 718 570 810 «ἀμφίπολοι,
593 720 697 802 στῆθ’
717 716 807 787 οὕτω,
823 717 1038 808 ἀπόπροθεν,
1062 713 1143 812 ὄφρ’
1161 717 1224 805 έγά
1246 716 1349 799 αάτύς
1391 751 1398 759 ’

340 821 451 910 άλμην
472 815 588 912 άίμοιιν
610 821 857 909 ἀπολούσομαι,
879 822 968 915 ἀμφὶ
991 824 1022 889 δ’
1038 826 1155 908 ἐλαίῳ,

270 938 322 992 220
337 930 510 1015 χρίσομαι·
533 919 556 1008 ῆ
577 921 641 1015 γάρ
664 923 767 1015 δηρόν
789 923 857 993 ἀπὸ
875 924 978 1016 χροός
999 933 1089 994 ἐστιν
1109 923 1246 1018 ἀλοιφή.

340 1027 444 1113 ἀντην
466 1028 495 1096 δ’
520 1029 579 1097 οὐκ
601 1026 644 1096 ἀν
666 1032 764 1116 ἔγωγε
785 1035 983 1116 λοέσσομαι·
1005 1032 1159 1116 αίδέομαι
1179 1029 1246 1121 γάρ

338 1137 552 1221 γυμνοῦσθαι
573 1131 726 1227 κούρῃσιν
747 1131 982 1224 ἐϋπλοκάμοισι
998 1132 1206 1221 μετελθών.»

384 1234 428 1318 ἀς
449 1239 563 1329 ἔφαθ’,
585 1243 623 1322 αί
645 1238 677 1307 δ’
692 1234 887 1304 ἀπάνευθεν
907 1236 1001 1319 ίσαν,
1023 1236 1116 1304 εἶπον
1137 1239 1170 1305 δ’
1182 1233 1252 1326 ἀρα
1271 1235 1382 1332 κούρη.

340 1337 446 1432 αύτάρ
469 1339 488 1409 ὁ
512 1347 547 1410 ἐκ
562 1344 721 1428 ποταμοῦ
737 1337 828 1428 χρόα
848 1342 954 1420 νίζετο
976 1343 1049 1418 δῖος
1067 1339 1240 1420 Ὀδυσσεύς

269 1458 322 1512 225
341 1445 465 1533 ἀλμην,
487 1443 510 1529 ἥ
533 1450 565 1513 οἱ
586 1449 676 1513 νῶτα
697 1447 754 1512 καὶ
777 1443 890 1532 εὐρέας
910 1439 1055 1530 ἀμπεχευ
1077 1440 1202 1532 ὤμους·
1299 1469 1302 1476 ·

341 1556 376 1616 ἐκ
397 1553 545 1641 κεφαλῆς
566 1551 599 1617 δ’
614 1552 752 1636 έσμηχεν
774 1543 857 1625 ἀλὸς
873 1544 977 1633 χνόον
998 1547 1200 1635 ἀτρυγέτοιο.

341 1649 446 1742 αὐτὰρ
461 1647 542 1720 ’ἐπεὶ
561 1649 603 1734 δὴ
625 1650 736 1720 πάντα
758 1654 920 1719 λοέσσατο
943 1655 999 1720 καὶ
1021 1653 1091 1719 λίπ’
1108 1648 1253 1743 ἀλιιψεν,

294 1773 302 1782 ”
341 1758 431 1852 ἀμφὶ
454 1761 488 1826 δὲ
511 1762 631 1844 εἵματα
653 1756 777 1825 ἕσσαθ’
796 1752 820 1821 ά
842 1760 874 1822 οί
892 1753 977 1845 4πόρε
998 1759 1173 1846 παρθένος
1194 1753 1310 1843 ἀδμής,

340 1858 400 1930 τὸν
420 1866 481 1949 μὲν
500 1861 666 1943 Ἀθηναίη
689 1861 810 1942 θῆκεν,
836 1855 914 1953 Διὸς
935 1867 1118 1946 ἐκγεγαυῖα,

271 1979 324 2032 230
341 1963 476 2054 μείζονά
498 1966 529 2032 τ’
545 1967 693 2048 ,εἰσιδέειν
708 1967 771 2029 καὶ
788 1960 962 2044 πάσσονα,
983 1962 1054 2048 κάδ,
1070 1968 1114 2049 δέ,
1125 1962 1269 2056 κάρητος
1294 2014 1299 2021 -

342 2065 443 2148 ούλας
463 2061 521 2150 ῆκε
542 2065 661 2154 κόμας,
687 2066 873 2153 ὑακινθίνῳ
894 2062 997 2135 άνθει
1018 2067 1147 2153 ὁμοίας.

341 2173 385 2252 ὡς
407 2173 439 2239 δ’
453 2169 508 2239 ὅτε
529 2195 579 2250 τις
597 2166 721 2259 χρυσὸν
743 2168 943 2260 περιχεύεται
963 2169 1094 2258 ἀργύρῳ
1111 2170 1202 2261 ἀνήρ

341 2277 439 2367 ἰ’δρις,
462 2271 503 2343 δν
519 2272 715 2368 Ἥφαιστος
734 2277 850 2343 δέδαεν
870 2279 928 2343 καὶ
948 2273 1092 2356 Παλλάς
1110 2274 1249 2360 Ἀθήνη.

309 2461 313 2466 ,
340 2387 458 2468 τέχνην
479 2384 656 2462 παντοίην,
675 2382 834 2467 χαρίεντα
856 2383 892 2450 δέ
913 2384 993 2469 έργα
1014 2384 1135 2462 τελείει,

271 2503 324 2556 235
343 2481 387 2564 ἀς
409 2480 476 2572 ἀρα
497 2487 544 2568 τῷ
565 2472 714 2570 κατέχευε
733 2481 986 2577 χάρινκεφαλῇ
1006 2498 1040 2550 ’τε
1062 2488 1118 2550 καὶ
1139 2479 1248 2569 άμοις.

342 2588 421 2669 έζετ’
441 2587 538 2653 έπειτ’
557 2583 728 2658 ἀπάνευθε
750 2585 904 2654 κιιδνιέπὶ
926 2593 1013 2655 θῖνα
1033 2583 1222 2668 θαλάσσης,

342 2689 456 2758 κάλλεϊ
477 2691 534 2756 καὶ
552 2686 666 2777 χάρισι
689 2693 831 2777 στίλβων
839 2714 852 2730 ··
868 2693 1047 2772 θηεῖτοδέ
1069 2688 1180 2779 κούρη.

266 2849 267 2852 ¹
335 2791 384 2888 fir}
408 2797 452 2880 ῥα
473 2791 544 2860 τότ’
563 2791 802 2884 ἀμφιπόλοισιν
824 2791 1058 2879 ἐυπλοκάμοισι
1078 2790 1236 2882 μετηύδαΙ
1292 2846 1295 2851 ,

334 2894 466 2965 ἰ’κλῦτέ
488 2921 563 2984 μευ,
586 2895 775 2989 ἀμφίπολοι·
795 2895 998 2978 λευκώλενοι,
1020 2892 1113 2991 ύφρα
1134 2923 1166 2966 τι
1187 2898 1275 2966 είπω.

272 3000 384 3090 24002'1¹
404 2997 538 3097 πάντων
559 3000 671 3083 ἀέκητι
694 3005 799 3082 θεῶν,
822 3003 856 3069 οἳ
871 2996 1040 3088 Ὄλυμπον
1061 3006 1196 3088 έχουσιν,
1308 3021 1312 3035 '

346 3103 528 3189 Ψαιήκεσσ’
548 3102 600 3173 ὅδ’
619 3101 704 3195 ἀνὴρ
726 3098 930 3192 έάιμίσχεται
951 3103 1174 3173 ἀντιθέοισιν·

341 3211 496 3297 πρόσθεν
517 3213 578 3295 μὲν
599 3207 664 3297 γάρ
681 3207 728 3292 ’δή
750 3235 808 3296 μοι
830 3208 988 3288 ἀεικέλιος
1009 3210 1099 3276 δέατ’
1118 3209 1209 3292 εἶναι,

341 3318 402 3380 νῦν
424 3316 458 3379 δὲ
480 3314 732 3393 θεοῖσινέοικε,
753 3316 807 3388 τοὶ
829 3308 974 3401 οὐρανόν
995 3309 1091 3406 εὐρύν
1112 3316 1250 3399 λέγουσιν.
1342 3337 1347 3344 ·

344 3418 380 3486 αλ
401 3410 465 3503 γάρ
488 3415 562 3502 ἐμοὶ
583 3412 712 3483 τοιόσδε
734 3411 831 3493 πόσις
852 3412 1048 3502 κεκλημένος
1067 3415 1117 3497 ε’ίη

272 3538 325 3591 245
343 3517 468 3589 ἐνθάδε
490 3515 664 3600 ναιετάων,
686 3519 742 3586 καί
764 3524 796 3586 οἱ
818 3516 896 3589 ἀδοι
917 3516 1044 3586 αὐτόθι
1064 3523 1205 3605 μίμνειν.

343 3620 428 3692 ἀλλά
452 3619 527 3703 δότ’,
550 3621 749 3720 ἀμφίπολοι,
772 3621 866 3709 ξείνῳ
887 3625 1013 3711 βρῶσίν
1034 3647 1069 3690 τε
1091 3618 1190 3690 πόσιν
1207 3645 1278 3690 τε.»

387 3724 430 3805 ἀς
452 3726 565 3819 ἔφαθ’,
589 3732 628 3806 αἱν
647 3727 679 3794 δ’
691 3723 759 3816 ἀρα
781 3730 840 3809 τῆς
850 3723 952 3812 ,μάλα
965 3730 1026 3812 μέν
1040 3723 1139 3795 κλύον
1152 3723 1208 3806 ἡδ’
1226 3723 1399 3804 ἐπίθοντο,

343 3825 411 3919 πάρ
435 3830 466 3896 δ’
481 3825 537 3918 ἀρ’
560 3829 714 3916 Ὀδυσσῆι
736 3833 863 3897 έθεσαν
883 3832 1010 3920 βρῶσίν
1032 3856 1071 3898 τε.
1087 3828 1188 3896 πόσιν
1209 3853 1254 3896 τε.

276 3953 279 3962 ’
342 3929 456 4015 ῆτοιό
479 3941 552 3999 πῖνε
573 3938 630 4002 καὶ
651 3926 741 4016 ἦσθε
763 3929 928 4012 πολύτλας
948 3935 1020 4012 δῖος
1037 3928 1212 4012 Ὀδυσσεύς

273 4056 326 4110 250
344 4037 530 4127 ἁρπαλέως·
554 4032 657 4124 δηρόν
677 4033 741 4127 γάρ
764 4031 900 4118 ἐδητύος
920 4028 980 4118 ἦεν
1000 4033 1168 4116 ἀπαστος·

343 4135 449 4231 αὐτάρ
471 4137 652 4208 Ναυσικάα
673 4137 866 4219 λευκώλενος
886 4136 963 4207 ἀλλ’
981 4139 1126 4223 ἐνόησεν.
