3259 4917
78 1043 80 1122 ί

354 547 405 600 150
735 541 974 604 ΟΔῩΣΣΕῙΑΣ
1000 547 1030 602 K

300 704 341 772 10
353 701 396 781 ὡς
418 702 450 798 δ’
469 698 520 769 ὅτ’
538 697 582 771 ἀν
603 701 692 795 ἀμφὶ
713 697 844 772 ἀνακτα
864 699 958 785 κύνες
979 703 1145 784 δαίτηθεν
1166 699 1263 784 ἰόντα

293 851 295 854 -
353 805 504 874 σαίνωσ’·
528 811 592 874 αίεὶ
613 805 677 896 γάρ
700 832 735 874 τε
758 813 851 900 φέρει
869 810 1068 893 μειλίγματα
1091 802 1222 895 θυμοῦ·

354 905 398 988 ιδς
418 906 494 990 τοὺς
516 911 606 1004 ἀμφὶ
621 908 719 978 λύκοι
740 907 979 1000 κρατερώνυχες
998 909 1057 992 ἡδὲ
1078 913 1207 988 λέοντες

354 1024 486 1081 σαῖνον·
509 1018 561 1081 τοὶ
584 1015 613 1080 δ’
634 1017 797 1095 ἔδδεισαν,
820 1017 888 1082 ἐπεὶ
910 1015 983 1080 ’ίδον
1003 1010 1083 1081 αλνά
1104 1017 1245 1105 πέλωρα.

283 1126 335 1177 220
354 1121 452 1184 έσταν
474 1117 506 1184 δ’
524 1124 559 1185 έν
581 1115 784 1206 προθύροισι
805 1120 892 1195 θεᾶς
912 1116 1201 1204 καλλιπλοκάμοιο,

294 1297 296 1305 Ι
352 1223 479 1307 Κίρκης
502 1221 534 1287 δ’
553 1223 648 1289 ίνδον
670 1218 792 1290 ἀκουον
814 1218 987 1301 ἀειδούσης
1009 1220 1066 1288 ἀπὶ
1087 1226 1180 1312 καλῇ,

229 1343 232 1370 ·
353 1319 445 1391 ἱστόν
467 1323 679 1412 ἐποιχομένης
699 1330 804 1412 μέγαν
826 1320 1011 1412 ἀμβροτον,
1033 1322 1091 1424 σία
1112 1322 1229 1393 θεάων

354 1427 456 1494 λεπτά
477 1453 512 1497 τε
534 1432 589 1494 καὶ
608 1433 767 1515 χαρίεντα
789 1422 979 1517 καὶίάγλαά
1001 1430 1082 1515 ἔργα
1103 1431 1266 1496 πέλονται.

353 1541 439 1598 τοῖσι
461 1534 495 1598 δὲ
517 1529 638 1618 μόθων
659 1525 737 1620 ἦρχε
760 1534 910 1612 Πολίτης
931 1526 1078 1620 ὄρχαμος
1100 1530 1238 1619 ἀνδρῶν,
1250 1569 1258 1609 ·,

284 1642 335 1693 225
356 1631 392 1712 ός
413 1660 471 1719 μοι
492 1631 644 1716 κήδιστος
665 1631 791 1723 ἑτάρων
811 1626 855 1716 ἦν
876 1631 1071 1713 κεδνότατός
1091 1649 1137 1702 τε.

361 1729 409 1803 «ὦ
432 1741 539 1829 φίλοι,
566 1741 659 1806 ίνδον
681 1735 745 1825 γάρ
768 1764 816 1817 τις
838 1743 1032 1824 ἐποιχομένη
1054 1743 1160 1824 μέγαν
1180 1737 1286 1808 ίστόν,

354 1836 456 1908 καλὸν
478 1840 677 1908 ἀοιδιάει-
700 1839 845 1908 δάπεδον
866 1839 1009 1916 δ”άπαν
1030 1841 1259 1934 ἀμφιμέμυκεν
1282 1884 1314 1900 -

353 1941 376 2026 ἢ
397 1941 481 2024 θεὸς
504 1943 539 2026 ἠὲ
561 1942 658 2032 γυνή·
681 1941 767 2011 ἀλλά
789 1943 1024 2038 φθεγγώμεθα
1045 1949 1214 2036 θᾶσσοιεν
1318 2016 1320 2021 ,
1367 1977 1374 1985 ·

316 2055 317 2062 ’
399 2045 443 2126 ὣς
464 2045 521 2137 ἀρ’
540 2046 721 2140 έφύνησεν,
743 2053 796 2116 τοὶ
819 2049 851 2116 δ’
870 2053 1080 2140 ἐφθέγγοντο
1101 2053 1280 2130 καλεῦντες.
1382 2033 1405 2100 ἶ·

285 2160 337 2212 230
355 2151 375 2232 ἡ
401 2153 433 2217 δ’
451 2151 527 2244 αἶψ’
547 2151 733 2231 ἐξελθοῦσα
755 2149 960 2237 θύραςάιξε
984 2151 1124 2243 φαεινάς
1166 2167 1170 2171 ’

354 2259 410 2322 καὶ
431 2253 538 2322 κάλει·
562 2259 593 2322 οί
616 2255 648 2321 δ’
667 2252 739 2342 ἅμα
759 2254 880 2342 πάντες
901 2255 1082 2344 ἀιδρείῃσιν
1103 2263 1237 2324 έποντο·
1325 2295 1347 2334 2

354 2356 543 2448 Εὐρύλοχος
564 2360 595 2428 δ’
614 2358 796 2448 ὑπέμεινεν,
820 2357 996 2445 ὀισάμενος
1015 2355 1117 2426 δόλον
1139 2356 1232 2426 εἶναι.
1333 2409 1340 2416 -

356 2459 441 2529 εἷσεν
463 2464 499 2528 δ”
514 2469 737 2549 εἰσαγαγοῦσα
758 2459 843 2530 κατά
864 2461 1020 2549 κλισμούς
1041 2488 1075 2529 τε
1097 2452 1246 2552 θρόνους
1267 2489 1310 2546 τε,

356 2571 392 2631 έν
414 2567 448 2631 δέ
471 2589 551 2655 σφιν
573 2565 672 2653 τυρόν
694 2593 728 2634 τε
751 2571 806 2634 καὶ
829 2563 956 2658 ἀλφιτα
977 2571 1034 2634 καὶ
1054 2571 1128 2654 μέλι
1146 2565 1277 2658 χλωρόν

286 2679 337 2731 235
357 2674 434 2752 οίνῳ
457 2673 638 2758 Πραμνείῳ
660 2667 772 2738 έκύκα·
795 2669 949 2756 ἀνέμισγε
971 2673 1006 2737 δέ
1029 2675 1107 2756 σίτῳ

351 2768 519 2861 ’φάρμακα
533 2769 637 2866 λύγρ’,
661 2778 717 2840 ἵνα
735 2772 847 2860 πάγχυ
867 2777 1037 2841 λαθοίατο
1059 2777 1219 2861 πατρίδος
1235 2774 1324 2856 αίης.

358 2872 462 2962 αὐτάρ
485 2871 552 2960 ἐπεί
576 2879 676 2944 δῶκέν
697 2903 731 2944 τε
754 2882 811 2944 καί
832 2881 957 2958 ίκπιον,
979 2876 1087 2944 αὐτίκ’
1105 2882 1215 2945 ίπειτα

357 2973 471 3064 ῥάβδῳ
492 2983 676 3066 πεπληγυῖα
697 2977 784 3048 κατά
805 2993 977 3070 συφεοῖσιν
998 2986 1121 3076 ἐέργνυ.

350 3087 391 3146 οἱ
415 3085 448 3150 δὲ
468 3089 557 3151 συῶν
578 3090 638 3172 μέν
660 3090 734 3172 έχον
755 3081 903 3175 κεφαλάς
916 3082 1040 3176 φωνήν
1061 3111 1096 3152 τε
1119 3089 1234 3173 τρίχας
1254 3110 1289 3152 τε

287 3189 415 3252 τισκαὶ
438 3181 551 3274 δέμας,
575 3190 680 3277 αύτάρ
702 3194 778 3267 νοῦς
801 3181 843 3269 ἦν
866 3191 1003 3273 έμπεδος
1025 3187 1068 3266 ὡς
1089 3185 1128 3254 τδ
1150 3189 1348 3276 πάρσςπερ.
1373 3225 1377 3230 ·

404 3285 446 3366 ἀς
469 3295 500 3356 σί
522 3295 582 3375 μὲν
603 3295 771 3369 κλαίοντες
793 3291 943 3378 ἐέρχατο·
966 3304 1052 3362 τοῖσι
1074 3296 1110 3359 δέ
1133 3296 1242 3379 Κίρκη

358 3389 426 3477 πάρ
449 3393 481 3477 ῥ’
500 3388 621 3460 ἀκυλον
643 3391 792 3477 βάλανόν
816 3395 846 3459 τ’
865 3397 982 3478 ἔβαλεν
1002 3392 1131 3482 καρπόν
1151 3419 1186 3461 τε
1209 3397 1370 3486 κρανείης,

360 3499 505 3582 έδμεναι,
527 3495 582 3564 σία
606 3494 679 3576 σύες
697 3485 937 3584 χαμαιευνάδες
959 3501 1029 3564 αέίν
1050 3501 1187 3566 ἔδουσιν.
1232 3490 1234 3493 ’

360 3598 546 3686 Εὐρύλοχος
568 3602 600 3666 δ’
615 3597 672 3691 ἀφί
689 3593 776 3683 ἦλθε
799 3598 891 3683 θοὴν
913 3606 965 3668 ἐπὶ
987 3606 1053 3682 νῆα
1074 3606 1243 3687 μέλαιναν,

291 3708 342 3759 245
361 3700 515 3786 ἀγγελίην
537 3703 662 3794 ἑτάρων
684 3705 781 3794 ἐρέων
802 3710 858 3772 καὶ
880 3704 1017 3772 ἀδευκέα
1039 3703 1177 3792 πότμον.

363 3803 436 3871 οὐδέ
459 3833 490 3872 τι
513 3806 686 3897 ἐκφάσθαι
708 3806 830 3875 δύνατο
845 3807 929 3885 ’έπος
950 3807 1078 3895 ἱέμενός
1097 3833 1167 3897 περ,

361 3913 422 3997 κῆρ
446 3906 519 3995 ἀχεῖ
538 3909 669 3998 μεγάλῳ
691 3897 927 3996 βεβολημένος·
951 3911 987 3976 έν
1008 3915 1044 3979 δέ
1065 3918 1097 3979 οἱ
1120 3909 1199 3981 ἀσσε
1297 3960 1299 3965 -

258 4101 263 4108 η
363 4010 544 4104 δακρυόφιν
567 4017 770 4099 πίμπλαντο,
792 4013 873 4099 γόον
895 4016 927 4081 δ’
945 4013 1038 4082 ἀίετο
1061 4013 1183 4101 θυμός.
1217 4044 1220 4051 ·

362 4113 436 4182 ἀλλ’
455 4113 508 4183 ὅτε
531 4115 572 4196 δή
593 4139 651 4202 μιν
670 4112 791 4214 πάντες
812 4115 1030 4203 ἀγασσάμεθ’
1047 4118 1235 4204 έξερέοντες,
