3259 4917
301 541 354 600 ενι
664 508 904 600 οεννεεεεν
931 545 964 598 ο
982 547 997 599 1

252 700 274 768 8
301 702 373 770 ελπδ
387 699 454 767 δέ·
447 723 514 820 μοι
527 694 632 786 γαῖάν
651 723 686 766 τε
707 694 785 797 τεὴν
807 697 935 785 δῆμόν
935 723 978 766 τε
991 695 1090 766 πόλιν
1110 723 1154 779 τε,
1202 732 1208 741 ’

231 813 283 868 555
302 797 403 928 όφρα
416 825 455 870 σε
474 805 514 894 τῇ
534 808 685 890 πέμπωσι
707 800 936 889 τιτυσκόμεναι
956 805 1056 895 φρεσὶ
1077 805 1164 884 νῆες.

302 905 341 974 06
361 903 427 997 γάρ
453 903 635 987 Φαιήκεσσι
655 908 944 1031 κυβερνητῆρες
914 909 1015 1000 ἔασιν,

301 1009 376 1077 οὐδέ
397 1035 429 1076 τι
449 1006 581 1090 πηδάλι’
600 1012 683 1090 έστι,
705 1006 748 1076 τά
769 1035 789 1076 τ
791 1005 934 1076 ’ἀλλαι
930 1012 1017 1090 νῆες
1038 1011 1183 1095 έχονσιν·

300 1111 372 1180 ἀλλ’
393 1111 492 1180 αὐταὶ
512 1109 622 1179 ἰ’σασι
617 1109 778 1197 νοήματα
799 1117 856 1180 καὶ
878 1118 1003 1203 φρένας
1025 1102 1197 1235 ἀνδρων

231 1227 283 1280 560
299 1218 356 1282 καὶ
376 1212 509 1282 πάντων
530 1213 622 1314 λοασι
641 1211 760 1292 πόλιας
781 1218 839 1282 καὶ
859 1215 1019 1294 πίονας’
1001 1214 1156 1322 ἀγρούς

300 1314 503 1408 ἀνθρώπων,
526 1302 583 1386 καὶ
584 1321 727 1404 λαῖτμα
748 1316 882 1405 τάχισθ
903 1315 986 1398 άλός
1006 1301 1246 1408 ἐκπερόωσιν·

300 1421 321 1504 6
324 1427 372 1508 έρι
391 1425 448 1488 καὶ
469 1425 588 1514 νεφέλη
609 1424 863 1509 κεκαλυμμέναι
885 1417 961 1489 οιίδέ
946 1427 1067 1490 έέποτ
1073 1445 1165 1514 σφιν

302 1521 375 1612 οὔτε
396 1550 429 1591 τι
449 1527 673 1612 πημανθῆναι
693 1528 748 1618 έπι
765 1521 904 1603 ’δέος”
864 1551 924 1593 ουτ
925 1525 1153 1594 ’ἀπολέσθαι

301 1624 388 1694 ἀλλά
409 1626 480 1696 τόδ’
499 1625 543 1705 ὥς
564 1652 643 1696 ποτε
664 1623 790 1716 πατρός
811 1624 894 1711 λγιδκ
914 1626 1062 1708 ἀπόντος
1084 1625 1212 1698 ἀκουσα

231 1739 284 1792 565
302 1727 519 1810 Ναυσιθόου,
542 1725 579 1808 δς
601 1733 724 1822 έφασκε
747 1729 955 1799 Ποσειδάων’
974 1731 1177 1818 ἀγάσασθαι

300 1832 394 1923 ἡμῖν,
417 1830 683 1920 οὕνεκαπομποὶ
705 1830 874 1920 ἀπήμονές
895 1842 985 1921 είμεν
1004 1835 1171 1905 ἁπάντων.

302 1942 352 2030 φῆ
372 1941 456 2004 ποτὲ.
476 1934 635 2020 Φαιήκων
654 1935 837 2026 ἀνδρῶν
806 1944 914 2027 ευεργέ
915 1955 939 2004 α
959 1942 1026 2020 νῆα

300 2047 336 2137 έκ
357 2042 492 2138 πομπῆς
513 2039 674 2108 ἀνιοῦσαν
690 2047 731 2108 έν
753 2039 910 2134 ἠεροειδέι
929 2038 1101 2128 πόντῳ

301 2127 505 2234 ῥαισέμεναι,
526 2137 617 2269 μέγα
633 2137 704 2211 δ’
680 2167 762 2230 ημιν
784 2141 863 2234 ὅρος
884 2142 978 2213 πόλει
1000 2142 1296 2238 ἀμφικαλύψειν·

218 2243 327 2308 «570
302 2275 346 2327 ως
367 2245 498 2338 ἀγόρευ’
518 2247 536 2315 6
559 2253 678 2338 γέρων·
700 2243 742 2314 τά
765 2251 800 2326 δέ
822 2273 885 2316 κεν
899 2244 1026 2328 θεός
1001 2276 1026 2331 η
1047 2254 1238 2336 τελέσειεν

302 2378 323 2434 η
341 2377 365 2420 ,κ
368 2350 583 2422 ’6666wa'
554 2377 617 2438 ειη,
639 2348 684 2430 ὥς
706 2356 740 2420 οὶ
760 2355 862 2444 φίλον
882 2355 996 2420 έπλετο
1010 2332 1130 2439 θυμῷ.

287 2453 410 2522 ἀλλΗ
395 2449 454 2542 άγε
475 2481 534 2542 μοι
554 2453 630 2523 τόδε
654 2459 720 2523 είπὲ
741 2461 797 2523 καὶ
812 2455 977 2546 ἀτρεκέως
997 2453 1228 2536 κατάλεξον,

302 2555 390 2652 ὅππη
411 2556 652 2682 ἀπεπλάγχθης
672 2583 729 2639 τε,
744 2563 800 2626 καὶ
822 2555 864 2638 ἀς
884 2583 977 2636 τινας
999 2563 1073 2624 ἵκεο
1086 2557 1197 2645 χώρας

301 2659 505 2752 ἀνθρώπων,
527 2658 652 2739 αὐτούς.
667 2685 701 2728 τε
723 2658 893 2738 πόλιάς’
863 2687 883 2728 τ
912 2686 948 2728 ευ
969 2659 1202 2743 ναιεταώσας,
1290 2735 1293 2740 ,

232 2768 284 2822 575
302 2763 384 2894 ἠμὲν
406 2761 480 2832 ὅσοι
499 2766 639 2852 χαλεποί
659 2787 694 2833 τε
715 2767 771 2832 καὶ
792 2759 923 2890 ἀγριοι
915 2763 1001 2832 οὐδὲ
1023 2756 1152 2845 δίκαιον,
1209 2794 1211 2797 ·

303 2871 339 2936 οἵ
357 2891 391 2934 τε
414 2865 606 2958 φιλόξεινοι,
632 2870 689 2934 καί
710 2889 791 2960 σφιν
812 2865 890 2947 νόος
912 2871 981 2934 ἐστὶ
1002 2865 1158 2949 θεουδής.

302 2975 369 3039 ελπὲ
392 2966 461 3038 δ’”
442 2996 460 3037 ο
483 2995 516 3038 τι
535 2974 657 3050 κλαίεις
681 2975 736 3038 καὶ
758 2968 903 3057 όδόρεαι
911 2973 1031 3040 ἔνδοθι
1051 2973 1154 3058 θυμοῖ

280 3075 453 3163 Ἀργείων
475 3077 615 3144 Δαναῶν
637 3073 689 3158 ἠδ’
704 3072 765 3142 ’ίΙλ
766 3098 804 3142 ου
827 3071 930 3141 οἶτον
942 3072 1080 3141 ἀκούων.
1159 3149 1165 3153 ,

303 3174 361 3245 τὸν
384 3181 418 3245 δὲ
440 3181 520 3246 θεοὶ
540 3181 601 3264 μὲν
621 3178 752 3260 τεῦξαν,
777 3175 1002 3245 ἐπεκλώσαντο
1024 3166 1054 3244 δ
1075 3173 1222 3266 ὄλεθρον

232 3289 284 3342 580
303 3277 511 3368 ἀνθρώποις,
534 3284 590 3345 ἴνα
611 3273 667 3374 ᾖσι
687 3287 743 3348 καὶ
765 3287 991 3367 ἐσσομένοισιν
1005 3278 1120 3363 ,ἀοιδή

302 3375 326 3465 6
346 3385 396 3460 τίς
417 3407 470 3449 τοι
489 3385 545 3448 καὶ
566 3379 651 3463 πηδς
672 3381 844 3510 ἀπέφθιτο
863 3381 985 3474 Ἰλιόθι
1006 3381 1072 3472 πρό
1197 3461 1204 3471 ,

303 3481 464 3565 ἑσθλόςέ
466 3482 525 3566 ω’ν,
550 3482 745 3576 γαμβρόςἈ
722 3513 744 3568 η
766 3468 952 3577 πενθερός,-
967 3491 1003 3554 06
1021 3512 1056 3554 τε
1077 3484 1261 3574 μάλιστα
1342 3533 1348 3538 -

301 3586 450 3671 κήδιστοι
471 3593 540 3656 τελέ
541 3593 646 3658 θουσι
666 3589 747 3679 μεθ’
768 3588 852 3677 αἷμά
873 3615 907 3656 τε
929 3593 985 3657 καὶ
1007 3596 1102 3676 γένος
1123 3589 1248 3678 αάτάνγ
1303 3584 1306 3596 ’
1344 3625 1348 3631 ·

302 3685 325 3773 6
347 3697 396 3771 τίς·
416 3717 481 3760 που
502 3697 558 3761 καὶ
579 3700 709 3783 ἑταῖρος
731 3691 815 3784 ἀνὴρ
838 3700 1055 3783 κεχαρισμένα
1078 3691 1177 3771 ελδάς,

233 3806 285 3859 585
303 3792 444 3881 6666,-
466 3799 536 3864 ἐπεὶ
557 3795 597 3863 06
616 3803 678 3882 μέν
700 3823 732 3867 τι
752 3795 964 3884 κασιγνήτοιο
983 3801 1118 3885 χερείων

302 3901 448 3984 γιγνεεαι
469 3896 506 3977 ός
527 3923 582 3972 κεν
595 3905 733 3988 ἑταῖρος
755 3895 816 3968 έάν
837 3904 1025 3985 πεπνυμένα
1047 3901 1147 3991 ελδῇ.»

261 4017 276 4072 1
346 3993 456 4068 τόνδ’
476 3999 740 4088 ἀπαμειβόμενος
765 4005 917 4095 προσέφη
939 4000 1121 4088 πολόμητις
1139 3996 1313 4078 Ὀδυσσεύς

309 4104 473 4172 «Ἀλκίνοε
484 4115 616 4190 κρεῖον,
638 4102 771 4172 πάντων
792 4101 969 4194 ἀριδείκετε
989 4107 1087 4185 λαῶν,
