3259 4917
277 1578 296 1615 ’l
880 1606 884 1615 .

250 1581 411 1755 Ανδρα
432 1689 488 1751 μοι
505 1670 629 1747 έννεπε,
651 1669 776 1752 μοῦσα,
798 1665 1015 1755 πολύτροπον,
1038 1664 1077 1744 δς
1093 1666 1184 1753 μάλα
1198 1666 1306 1735 πολλά

249 1765 428 1855 πλάγχθη,
450 1773 519 1836 ἐπεὶ
547 1774 667 1857 Τροίης
689 1768 779 1861 ἱερὸν
801 1759 1005 1857 πτολίεθρον
1026 1775 1173 1858 έπερσεν·

250 1875 384 1939 πολλῶν
406 1870 435 1939 δ’
451 1869 641 1960 ἀνθρώπων
663 1872 731 1940 ίδεν
752 1870 856 1942 ἀστεα
878 1877 935 1940 καὶ
955 1871 1037 1940 νόον
1058 1876 1148 1959 έγνω,

250 1970 361 2043 πολλά
384 1972 448 2041 δ’δ’
471 1973 502 2060 γ’
522 1982 556 2043 ἐν
578 1974 689 2066 πόντῳ
709 1974 826 2045 πάθεν
846 1972 952 2063 ἀλγεα
974 1972 1015 2043 δν
1035 1972 1121 2043 κατά
1143 1976 1266 2065 θυμόν,

213 2087 231 2136 5
252 2075 434 2164 ἀρνύμενος
455 2075 498 2159 ἥν
519 2104 553 2145 τε
576 2075 687 2169 φυγὴν
707 2084 764 2147 καὶ
785 2078 907 2147 νόστον
928 2083 1076 2168 ἑταίρων.

252 2179 330 2247 ἀλλ’
350 2179 419 2247 οὐδ’
438 2172 481 2258 ὧς
503 2179 640 2269 ἑτάρους
661 2181 836 2270 ἐρρύσατο,
857 2180 984 2268 ἱέμενός
1005 2204 1081 2270 περ·

253 2281 350 2349 αὐτοὶ
370 2276 435 2368 γάρ
459 2291 653 2375 σφετέρῃσιν
673 2284 921 2375 ἀτασθαλίῃσιν
944 2279 1070 2361 όλοντο,

253 2384 378 2467 νήπιοι,
402 2388 436 2451 οἳ
457 2381 543 2451 κατά
565 2388 646 2469 βοῦς
663 2386 854 2473 Ὑπερίονος
876 2385 999 2467 ἠελίοιο

253 2483 395 2569 ἤσθιον·
414 2482 524 2577 ἀύτάρ
548 2488 566 2556 ὁ
589 2497 695 2557 τοῖσιν
716 2489 872 2581 ἀφείλετο
894 2485 1052 2573 νόστιμον
1073 2478 1174 2577 ἦμαρ.

200 2602 235 2654 10
254 2596 320 2658 τῶν
341 2589 476 2682 ἁμόθεν
496 2617 548 2678 γε,
570 2587 641 2659 θεά
662 2588 811 2682 θύγατερ
833 2588 925 2673 Διός,
947 2595 1013 2681 εἰπὲ
1035 2595 1092 2659 καί
1113 2590 1201 2679 ἡμῖν.

299 2694 373 2761 ένθ
393 2691 488 2761 ἀλλοι
509 2700 569 2782 μέν
590 2693 725 2777 πάντες,
748 2692 825 2764 ὅσοι
844 2693 953 2788 φύγον
974 2690 1073 2763 αλπύν
1097 2691 1252 2787 ὄλεθρον,

255 2798 339 2863 σ’ίκοι
360 2800 440 2865 έσαν
461 2796 608 2885 πόλεμόν
629 2824 664 2867 τε
685 2797 883 2892 πεφευγότες
904 2799 962 2881 ἠδέ
983 2798 1182 2867 θάλασσαν·
1292 2789 1333 2815 “”

253 2896 314 2966 τόν
336 2899 365 2967 δ’
382 2899 468 2981 οἷον,
490 2898 612 2977 νόστον
632 2908 832 2991 κεχρημένον
851 2901 910 2984 ἡδί
931 2899 1093 2987 γυναικός,

253 2999 367 3094 νύμφη
388 3000 494 3072 πότνι’
513 3009 617 3095 έρυκε,
639 3002 793 3097 Καλνφά
815 3007 873 3072 δῖα
896 3001 1020 3083 θεάων,

203 3118 237 3169 15
256 3113 291 3173 έν
314 3111 431 3173 σπέσσι
451 3111 665 3197 γλαφυροῖσι,
688 3112 877 3193 λιλαιομένη
899 3103 998 3173 πόσιν
1020 3105 1111 3172 εἶναι.

255 3207 328 3275 ἀλλ’
348 3205 402 3276 ὅτε
426 3205 466 3289 δὴ
489 3212 561 3287 έτος
582 3200 670 3291 ἦλθε
692 3213 937 3297 περιπλομένων
959 3213 1116 3275 ένιαντῶν

255 3314 301 3396 τῷ
323 3316 355 3377 οἱ
377 3308 600 3380 ὲπεκλάσαπο
622 3316 702 3381 θεοὶ
723 3309 851 3381 οἶκόνδε
872 3316 1012 3381 νέεσθαι

256 3421 300 3491 είς
319 3410 475 3497 Ἰθάκην,
497 3415 566 3484 οὐδ’
587 3420 675 3484 ένθα
695 3421 904 3509 πεφυγμένος
924 3409 984 3500 ἦεν
1006 3416 1142 3485 ἀέθλων

254 3520 310 3583 καὶ
331 3513 414 3604 μετά
437 3513 502 3587 οίσι
524 3523 658 3609 φίλοισι.
688 3524 767 3589 θεοί
790 3519 821 3587 δ’
837 3525 985 3609 ἐλέαιρον
1006 3518 1151 3596 ἀπαντες

201 3637 237 3689 20
254 3618 357 3713 νόσφι
377 3620 627 3705 Ποσειδάωνος·
651 3621 669 3690 ό
693 3622 723 3689 δ’
742 3623 901 3710 ἀσπερχὲς
921 3627 1090 3707 μενέαινεν

255 3723 401 3809 ἀντιθέῳ
419 3723 555 3805 Ὀδυσῆι
574 3723 682 3815 πάρος
702 3721 745 3804 ἢν
766 3734 868 3809 γαῖαν
889 3726 1034 3791 ἱκέσθαι,

254 3825 328 3892 ἀλλ’
347 3826 366 3893 ό
387 3831 448 3913 μὲν
470 3829 647 3904 Αἰθίοπας
667 3829 845 3913 μετεκίαθε
863 3824 988 3909 τηλόθ’
1008 3822 1131 3907 ἐόντας,

253 3931 431 4007 Αἰθίοπας
452 3932 505 3995 τοὶ
527 3925 632 4014 διχθά
654 3930 840 4010 δεδαίαται,
862 3934 995 4017 ίσχατοι
1016 3930 1153 4023 ἀνδρῶν,

255 4037 287 4097 οἱ
308 4036 369 4118 μὲν
391 4034 573 4118 δυσομένου
590 4030 793 4119 Ὑπερίονος,
816 4039 848 4100 οἱ
871 4033 902 4099 δ’
920 4033 1081 4117 ἀνιόντος,

201 4150 235 4203 25
253 4133 396 4203 ἀντιόων
417 4133 546 4225 ταύρων
567 4158 602 4203 τε
624 4138 681 4203 καὶ
702 4132 842 4221 ἀρνειῶν
861 4136 1055 4227 ἑκατόμβης.
