3259 4917
614 512 851 568 ΟΔΥΣΣΕ-ΙΑΣ
879 513 913 566 Ψ.
932 513 953 563 Ω

194 669 242 735 23
259 674 290 737 οἱ
314 672 348 736 δέ
371 674 402 734 οἱ
425 667 483 734 ούκ
504 667 696 748 ἀπίθησαν,
718 665 955 752 ἐθωρήσσοντο
979 666 1013 730 δὲ
1032 666 1152 749 χαλκῷ,

180 786 241 836 370
261 769 360 853 ώιξαν
382 774 416 837 δέ
438 768 563 863 θύρας,
585 777 620 836 ἐκ
642 770 671 836 δ’
687 766 776 851 ήιον·
800 762 877 858 ῆρχε
900 764 1129 844 δί’(λδυσσεύς.

257 872 322 956 ήδη
343 878 403 960 μὲν
426 859 514 964 φάος
536 867 594 955 ήεν
616 877 668 940 ἐπὶ
687 870 818 958 χθόνα,
841 868 917 950 τούς
939 871 970 940 δ’
988 867 1044 955 ἀρ’
1061 865 1191 949 Ἀθήνη

257 981 348 1044 νυκτὶ
369 975 613 1067 κατακρύψασα
636 980 730 1053 θοώς
751 975 844 1060 ἐξῆγε
866 973 998 1056 πόληος.

116 1113 126 1129 ·
212 1095 235 1144 Ω
301 1079 421 1166 Ἑρμῆς
443 1083 478 1146 δὲ
499 1076 609 1168 ψυχάς
628 1076 815 1160 Κυλλήνιος
836 1079 1016 1152 ἐξεκαλεῖτο

258 1182 389 1270 ἀνδρῶν
410 1179 620 1270 μνηστήρων·
643 1185 693 1267 έχε
715 1184 750 1248 δὲ
772 1178 901 1268 ῥάβδον
922 1177 1005 1266 μετά
1023 1183 1137 1268 χερσίν

258 1281 364 1366 καλήν
382 1288 552 1372 χρυσείην,
576 1288 614 1376 τῇ
636 1284 665 1351 τ’
676 1284 814 1372 ἀνδρῶν
838 1280 972 1369 ὄμματα
995 1286 1109 1368 θέλγει

259 1380 305 1454 ὧν
326 1390 450 1465 ἐθέλει,
472 1385 549 1466 τοὺς
571 1388 600 1454 δ’
621 1371 698 1454 αὖτε
721 1390 776 1454 καί
798 1385 988 1464 ὑπνώοντας
1010 1390 1132 1472 ἐγείρει.

224 1501 241 1550 5
260 1494 299 1582 τῇ
321 1488 351 1577 ῥ’
369 1486 430 1572 άγε
453 1488 603 1571 κινήσας,
626 1494 681 1558 ταὶ
702 1493 737 1556 δὲ
760 1492 928 1572 τρίζουσαι
950 1497 1076 1556 ἕποντο.

260 1591 303 1670 ὡς
324 1593 354 1658 δ’
373 1591 429 1660 ὅτε
451 1597 632 1682 νυκτερίδες
652 1597 743 1681 μυχῷ
765 1588 887 1678 ἀντρου
908 1595 1103 1679 θεσπεσίοιο

260 1699 426 1783 τρίζουσαι
447 1692 635 1777 ποτέονται,
658 1699 727 1762 ἐπεί
748 1701 782 1762 κέ
804 1721 853 1772 τις
874 1694 1076 1786 ἀποπέσῃσιν
1183 1761 1186 1767 ,

260 1796 420 1884 ὁρμαθοῦ
440 1808 475 1866 ἐκ
496 1807 630 1887 πέτρης,
652 1796 718 1868 ἀνά
740 1798 770 1864 τ’
790 1795 968 1887 ἀλλήλῃσιν
990 1801 1129 1880 ἔχονται,

260 1897 305 1989 ώς
326 1907 362 1966 αὶ
383 1916 559 1990 τετριγυῖαι
579 1900 638 1989 ἀμ’
657 1901 772 1982 ήισαν·
786 1891 873 1984 ,ήρχε
897 1897 926 1964 δ’
950 1894 1016 1985 ἀρα
1040 1920 1120 1988 σφιν

208 2011 243 2061 10
257 2002 409 2090 Ἑρμείας
430 2002 580 2085 ἀκάκητα
600 2002 674 2070 κατ’
695 1999 855 2091 εὐρώεντα
877 2003 1029 2068 κέλευθα.

259 2103 327 2192 πάρ
348 2106 380 2174 δ’
398 2107 476 2175 ἴσαν
487 2107 644 2175 Ὠκεανοῦ
658 2132 692 2175 τε
714 2101 798 2193 ῥοάς
817 2108 875 2174 καὶ
896 2101 1056 2190 Λευκάδα
1078 2105 1207 2191 πέτρην,

259 2207 317 2290 ῆδὲ
338 2209 416 2297 παρ’
436 2210 558 2290 ἠελίοιο
580 2207 686 2286 πύλας
706 2213 762 2274 καὶ
785 2211 892 2292 δῆμον
915 2207 1050 2292 ὀνείρων
1112 2251 1115 2255 ι
1180 2263 1187 2272 .

260 2309 375 2390 ήισαν·
398 2311 487 2402 αἶψα
509 2312 538 2378 δ
558 2317 669 2378 ἵκοντο
691 2310 763 2381 κατ’
789 2304 980 2402 ἀσφοδελὸν
1001 2309 1153 2393 λειμῶνα,

261 2418 349 2480 ένθα
371 2439 406 2480 τε
427 2419 559 2482 ναίουσι
578 2418 698 2500 ψυχαί,
721 2413 838 2480 ε’ίδωλα
860 2409 1041 2498 καμόντων.

213 2526 243 2576 15
262 2509 358 2605 εὗρον
380 2519 414 2584 δέ
435 2513 546 2604 ψυχήν
568 2513 767 2597 Πηληιάδεω
779 2516 929 2602 Ἀχιλῆος

260 2624 316 2685 καὶ
338 2623 557 2706 Πατροκλῆος
577 2623 634 2686 καὶ
654 2615 824 2704 ἀμύμονος
837 2616 1036 2706 Ἀντιλόχοιο

260 2719 408 2798 Αίαντός
430 2721 482 2801 θ’,
499 2718 542 2800 ὃς
563 2719 698 2810 ἀριστος
719 2725 777 2803 δην
798 2720 884 2800 εἶδός
905 2747 940 2790 τε
963 2725 1066 2808 δέμας
1086 2746 1119 2788 τε

261 2826 326 2888 τών
348 2820 456 2890 ἀλλων
477 2828 617 2892 Δαναῶν
637 2823 707 2910 μετ’
726 2821 882 2910 ἀμύμονα
904 2829 1091 2906 Πηλείωνα.

305 2920 349 3000 ἀς
371 2931 402 2989 οἱ
424 2929 484 3010 μέν
504 2931 579 3014 περὶ
599 2938 713 2998 κεῖνονΙ
729 2925 878 3009 ὁμίλεον·
901 2925 1082 3012 ἀγχίμολον
1104 2929 1139 2992 δέ

211 3039 244 3090 20
262 3021 363 3105 ἤλυθ’
391 3029 443 3090 έπι
462 3023 552 3114 ψυχή
571 3027 814 3109 Ἀγαμέμνονος
833 3027 1001 3110 Ἀτρείδαο
1116 3106 1120 3123 ἱ

262 3126 441 3212 ἀχνυμένη·
464 3132 537 3213 περὶ
560 3127 589 3193 δ’
606 3122 707 3192 ἀλλαι
728 3126 929 3215 ἀγηγέραθ’,
952 3126 1051 3196 ὅσσαι
1073 3126 1130 3213 ἀμ’
1151 3128 1238 3214 αὐτῷ

261 3230 338 3314 οίκῳ
360 3236 396 3295 ἐν
417 3234 602 3314 Αἰγίσθοιο
624 3226 738 3296 θάνον
759 3233 816 3296 καὶ
837 3219 967 3314 πότμον
988 3237 1138 3298 ἐπέσπον.

260 3328 319 3399 τὸν
341 3338 483 3420 προτέρη
504 3328 594 3423 ψυχή
616 3329 824 3422 προσεφώνεε
846 3336 1039 3414 Πηλείωνος

267 3435 449 3520 «Ἀτρείδη,
471 3440 546 3523 περὶ
566 3440 626 3521 μέν
650 3458 685 3502 σε
709 3433 820 3524 φάμεν
842 3433 1151 3524 Διὶτερπικεραύνῳ

211 3555 243 3604 25
261 3538 390 3624 ἀνδρῶν
411 3533 526 3623 ἡρώων
548 3540 648 3625 φίλον
670 3541 806 3623 έμμεναι
827 3533 939 3622 ἤματα
959 3536 1079 3617 πάντα,

261 3637 377 3705 οὕνεκα
399 3641 572 3704 πολλοῖσίν
594 3663 627 3706 τε
649 3643 705 3706 καὶ
726 3642 921 3728 λφθίμοισιν
942 3635 1084 3717 ἄνασσες
1154 3693 1164 3704 .

260 3738 353 3824 δήμῳ
375 3743 422 3806 ένι
450 3739 583 3826 Τρώων,
606 3738 670 3808 ὅθι
690 3740 860 3827 πάσχομεν
882 3737 971 3827 ἄλγε’
989 3744 1121 3828 Ἀχαιοί.

259 3834 282 3922 ῆ
304 3841 332 3908 τ’
352 3837 419 3927 ἀρα
440 3846 496 3908 καὶ
518 3847 572 3908 σοὶ
592 3848 707 3930 πρώτα
728 3842 1011 3940 παραστήσεσθαι
1032 3849 1162 3930 ἔμελλεν

259 3943 347 4030 μοῖρ’
368 3941 464 4025 ὀλοή,
485 3941 547 4024 τήν
570 3941 610 4012 ού
632 3971 680 4022 τις
701 3943 852 4012 ἀλεύεται
869 3944 911 4022 ,ὅς
933 3972 967 4012 κε
989 3955 1131 4032 γένηται.

211 4061 242 4112 30
259 4045 302 4124 ὡς
324 4044 441 4138 ὄφελες
460 4049 557 4134 τιμῆς
577 4045 798 4135 ἀπονήμενος,
820 4041 860 4130 ῆς
881 4073 940 4137 περ
963 4047 1114 4132 ἀνασσες,
