3259 4917
343 501 398 556 δθλ
716 499 967 556 ,ΟΔΥΣΣΕΙΛΣ
997 495 1021 554 Ω

284 655 328 724 24
343 658 479 744 μείζονα
502 654 533 722 δ’
547 654 586 738 ήί
607 654 715 743 πάρος
735 658 792 722 καὶ
813 651 968 724 πάσσονα
991 656 1100 736 θῆκεν
1122 657 1268 722 ἰδέσθαι

275 774 327 824 370
345 767 380 826 έιι
402 759 431 828 δ’
446 759 651 844 Ιἀσαμίνθου
671 761 734 845 βῆ·
756 755 911 844 θαύμαζε
934 761 969 824 δέ
991 781 1049 844 μιν
1071 761 1169 848 φίλος
1188 756 1270 839 υἱός,

345 863 388 941 ὡς
410 863 478 933 ίδεν
499 859 707 930 ἀθανάτοισι
728 866 826 940 θεοῖς
848 865 1032 948 ἐναλίγκιον
1054 856 1182 943 σίντην·
1295 925 1297 930 ,

344 970 401 1032 καί
421 990 479 1052 μιν
499 963 659 1058 φωνήσας
681 969 760 1038 έπεα
780 962 961 1052 πτερόεντα
981 961 1164 1054 προσηύδα.

351 1062 399 1136 «ὦ
420 1067 538 1158 πάτερ,
558 1062 581 1152 ἦ
603 1068 696 1157 μάλα
717 1075 768 1146 τίς
789 1093 826 1138 σε
849 1071 941 1136 θεῶν
966 1065 1191 1153 αἰειγενετάων

345 1171 430 1252 εἶδός
451 1198 486 1240 τε
507 1169 654 1258 μέγεθός
675 1197 710 1240 τε
731 1171 892 1258 άμείνονα
913 1163 1022 1253 θῆκεν
1044 1174 1211 1238 ἰδέσθαι.»
1302 1255 1306 1264 1

275 1291 326 1342 375
388 1272 448 1344 τόν
470 1276 500 1342 δ’
516 1268 561 1344 αὖ
579 1281 738 1366 Λαέρτης
758 1281 960 1361 πεπνυμένος
982 1274 1097 1342 άντίον
1118 1271 1205 1355 ηύδα

351 1381 410 1446 «αἲ
430 1377 509 1466 γάρ,
533 1384 597 1448 Ζεῦ
619 1403 653 1446 τε
674 1377 778 1468 πάτερ
798 1384 857 1448 καὶ
876 1379 1043 1460 Ἀθηναίη
1065 1381 1122 1444 καὶ
1142 1375 1313 1458 Ἄπολλον,

345 1482 416 1560 οἶος
438 1481 589 1570 Νήρικον
610 1482 714 1563 εἶλον,
736 1487 925 1570 ἐυκτίμενον
947 1485 1159 1570 πτολίεθρον,

344 1582 448 1668 ἀκτήν
471 1586 633 1675 ήπείροιο,
653 1585 930 1676 Κεφαλλήνεσσιν
951 1581 1116 1664 άνάσσισν,

346 1701 436 1766 τοῖος
457 1687 520 1758 έάν
540 1715 593 1756 τοι
610 1686 731 1776 χθιζός
752 1697 788 1757 έν
808 1688 996 1776 ἡμετέροισι
1017 1685 1176 1773 δόμοισιν,
1197 1747 1198 1752 ,
1250 1737 1254 1740 -

275 1808 327 1858 380
345 1790 443 1879 τεύχε’
467 1797 549 1880 έχων
570 1789 721 1879 κόμαισιν,
743 1789 965 1883 ἐφεστάμεναι
985 1796 1041 1860 καὶ
1063 1789 1199 1876 άμύνειν

345 1895 470 1983 ἄνδρας
491 1901 691 1986 μνηστῆρας.
722 1901 768 1981 τήν
789 1921 825 1962 κε
848 1902 959 1988 σφέων
980 1892 1114 1981 γούνατ’
1134 1897 1233 1961 ἔλυσα

343 2004 476 2067 πολλῶν
498 2008 533 2066 έν
554 2000 741 2089 μεγάροισι,
764 1997 806 2068 σύ
827 2004 861 2068 δέ
885 2004 1010 2091 φρένας
1031 2000 1132 2066 ένδον·
1148 1995 1305 2078 ίάνθηςι»

388 2100 432 2182 ὥς
454 2111 486 2171 οἱ
507 2109 568 2190 μέν
589 2108 733 2184 τοιαῦτα,
746 2100 832 2189 πρός
854 2100 1017 2184 ἀλλήλους
1037 2099 1208 2189 ἀγόρευον.
1244 2139 1247 2146 ·
1270 2163 1272 2170 .

319 2284 324 2290 .
345 2211 377 2272 οί
400 2206 429 2272 δ’
449 2212 517 2274 ἐπεὶ
540 2201 600 2275 οὖν
620 2205 793 2276 παύσαντο
814 2204 920 2276 πόνου
939 2203 1114 2272 τετύκοντό
1135 2230 1170 2272 τε
1193 2207 1300 2286 δαῖτα,

275 2320 326 2370 335
345 2310 448 2391 ἑξείης
469 2313 591 2391 έζοντο.
602 2308 688 2379 κατά
709 2308 867 2400 κλισμούς
887 2336 921 2378 τε
944 2306 1091 2397 θρόνους
1112 2335 1172 2395 τε.

285 2414 289 2419 ’
345 2413 418 2480 ἕνθ’
438 2419 470 2480 οἱ
491 2419 552 2500 μέν
574 2417 695 2500 δείπνῳ
716 2413 1117 2502 ἐπεχείρεον,.άγγίμολον
1139 2416 1174 2480 δέ

343 2509 465 2597 ήλθὸ
488 2523 592 2604 γέρων
614 2523 746 2599 Δολίος,
769 2515 829 2587 σύν
852 2519 881 2586 δ’
899 2524 976 2597 υἱεῖς
997 2529 1069 2584 τοῖο
1092 2521 1255 2604 γέροντος,

344 2619 379 2698 ἐξ
400 2624 711 2707 έργωνμογέοντες,
733 2626 801 2688 ἐπεὶ
823 2627 1039 2710 προμολοῦσα
1061 2618 1219 2686 κάλεσσεν

343 2721 451 2807 μήτηρ
473 2727 574 2806 γρηῦς
594 2721 781 2805 Σικελή,,ή
804 2747 914 2816 σφεας
932 2732 1029 2816 τρέφε
1050 2728 1109 2790 καί
1129 2726 1337 2810 ῥα-γίροντα

275 2837 326 2888 390
343 2828 498 2902 ἐνδυκέως
518 2832 704 2913 κομέεσκεν,
727 2832 795 2893 ἐπεὶ
816 2823 903 2904 κατά
914 2832 1029 2914 ,γῆρας
1049 2831 1208 2915 ἔμαρψεν.

344 2933 376 2994 οἱ
399 2927 429 2994 δ
445 2927 489 3006 ὡς
510 2920 570 2997 σύν
588 2929 732 3014 Ὀδυσῆα
752 2931 826 2999 ίδον
849 2928 1046 3022 φράσσαντό
1067 2955 1100 2995 τε
1123 2933 1233 3014 θυμῷ,

343 3036 443 3098 ἔσταν
464 3037 513 3101 ἑνὶ
534 3032 707 3122 μεγάροισι
726 3033 920 3117 τεθηπότες.
950 3031 1054 3122 αὐτὰρ
1074 3029 1246 3109 Ὀδυσσεύς

342 3139 511 3223 μειλιχίοις
532 3142 660 3207 ἐπέεσσι
680 3137 940 3226 καθαπτόμενος
961 3143 1152 3225 προσέειπεν
1222 3191 1224 3198 ,

350 3233 399 3305 «ὦ
420 3246 534 3328 γέρσν,
556 3240 667 3322 ἵζ’,έπὶ
691 3243 839 3321 δεῖπνον,
867 3237 1143 3311 ἀπεκλελάθεσθε
1169 3241 1203 3306 δὲ
1226 3237 1396 3326 θάμβευς·

274 3361 325 3411 335
344 3341 446 3431 δηρόν
467 3346 531 3430 γάρ
549 3347 634 3426 ’σίτῳ
656 3342 868 3431 ἐπιχειρήσειν
888 3346 1057 3429 μεμαῶτες
1081 3379 1084 3388 1

342 3453 505 3535 μίμνομεν
528 3453 563 3513 ἐν
583 3444 754 3533 μεγάροις,
775 3445 877 3531 ὑμεας
898 3447 1123 3531 ποτιδέγμενοι
1146 3449 1241 3512 alei.»

388 3548 432 3629 ὣς
452 3547 505 3640 ἄρ’
526 3554 605 3641 έφη·
629 3552 746 3627 Δολίος
767 3549 797 3615 δ’
812 3545 893 3628 ίθύς
914 3553 965 3617 κίε
981 3559 1068 3639 χεῖρε
1091 3546 1259 3628 πετάσσας

342 3653 549 3744 ἀμφοτέρας,
569 3654 720 3732 Ὀδυσεῦς
742 3658 777 3720 δέ
799 3652 912 3740 λαβών
933 3653 1009 3722 κύσε
1028 3652 1110 3743 χεῖρ’
1130 3658 1182 3722 ἐπὶ
1205 3656 1329 3742 καρπῷ,

342 3762 399 3822 καί
420 3783 476 3843 μιν
498 3756 658 3848 φωνήσας
672 3761 757 3823 Δέπεα
779 3756 958 3845 πτερόεντα
979 3755 1161 3844 προσηύδα.

273 3877 335 3930 4001
350 3855 394 3925 «ὦ
418 3861 501 3950 φίλ’,
525 3859 780 3942 έπεὶνόσεησας
801 3863 1023 3946 ἐελδομένοισι
1041 3859 1120 3946 μάλ’
1139 3859 1219 3946 ἡμῖν

345 4059 419 4134 οὖλέ
442 4072 553 4134 τεκαὶ
575 4065 667 4151 μάλα
686 4078 798 4157 χαῖρε,
821 4072 899 4138 θεοὶ
921 4072 956 4136 δέ
979 4070 1031 4137 τοι
1054 4066 1153 4154 ὄλβια
1175 4070 1288 4134 δοῖεν.-
