3259 4917
650 509 947 576 oAmEsz
1032 580 1034 585 Ι
1174 479 1178 486 ’
1275 512 1369 568 ιεε,

212 665 252 731 1λ
313 660 356 741 ιδς
378 661 488 753 ἔφατ’·
512 659 618 752 αύτάρ
641 662 703 749 ἐγώ
726 687 783 748 μιν
805 663 1024 751 ἀμειβόμενος
1045 672 1241 752 προσέειπον

275 773 325 832 «εί
347 765 375 831 δ’
396 761 454 850 ἀγε
477 763 520 859 δή
541 791 602 852 μοι
621 769 736 846 τοῦτο,
758 765 844 848 θεά,
865 764 1021 856 νημερτές
1043 771 1178 855 ἐνίσπες,

269 870 298 934 εί
317 893 385 946 ποις
407 865 468 949 τὴν
491 864 592 949 ὀλοὴν
614 873 673 952 μὲν
695 867 979 960 ὑπεκπροφύγοιμι
1003 868 1185 958 Χάρυβδιν,

200 1003 202 1008 s
266 967 328 1052 τὴν
352 973 386 1036 δέ
409 970 438 1036 κ’
458 970 664 1056 ἀμυναίμην,
688 968 740 1038 ὅτε
763 999 820 1058 μοι
838 970 969 1039 σίνοιτό
991 971 1021 1056 y’
1041 977 1223 1060 ἑταίρους.»

201 1085 249 1134 115
312 1068 355 1150 ἀς
378 1071 525 1164 ὲφάμην,
549 1073 570 1154 ἡ
593 1073 623 1138 δ’
639 1073 744 1139 αὐτίκ’
764 1074 918 1160 ἀμείβετο
941 1078 999 1140 δῖα
1020 1073 1138 1142 θεάοιν

274 1179 434 1261 «σχέτλιε,
457 1179 522 1241 καλ
537 1175 566 1241 δ’
579 1168 628 1242 αὖ
648 1201 700 1242 τοι
721 1174 884 1262 πολεμήια
906 1180 987 1265 έργα
1009 1183 1151 1264 μέμηλεν

267 1283 322 1343 καὶ
344 1276 462 1356 πόνος·
486 1278 560 1345 οὐδὲ
582 1281 716 1356 θεοῖσιν
737 1279 883 1359 ὑπείξεαι
903 1278 1148 1364 ἀθανάτοισινς

268 1381 288 1462 ἡ
312 1383 345 1446 δέ
360 1401 419 1446 τοι
442 1382 481 1450 οὐ
503 1377 616 1463 θνητὴ
638 1381 713 1450 ἀλλ’
732 1380 915 1448 ἀθάνατον
936 1381 1040 1450 κακόν
1061 1392 1158 1464 ἐστιν,

267 1481 374 1550 δεινόν
396 1482 425 1550 τ’
446 1482 611 1573 ἀργαλέον
633 1509 667 1550 τε
689 1489 745 1551 καὶ
768 1481 886 1570 ἀγριον
910 1485 984 1552 οὐδὲ
1006 1484 1165 1572 μαχητόν.

200 1601 249 1652 120
267 1584 341 1652 οὐδέ
364 1611 412 1663 τις
434 1585 499 1657 ἔστ’
519 1584 619 1667 ἀλκή·
649 1595 781 1677 φυγέειν
802 1586 978 1677 κάρτιστον
1000 1589 1058 1654 ἀπ’
1078 1588 1190 1670 αὐτῆς.-

266 1684 307 1768 ἢν
329 1684 393 1775 μάρ
417 1686 621 1782 δηθύνῃσθα
643 1690 885 1777 κορυσσόμενος
906 1684 1000 1777 πάρά
1021 1698 1130 1784 πέτρη,
1161 1735 1166 1748 ·

249 1792 360 1855 ’δείδω
383 1787 429 1874 μή
452 1789 483 1856 σ’
503 1792 630 1872 ἐξαῦτις
653 1799 888 1882 ἐφορμηθεῖσα
909 1799 1035 1884 κίχησιν

257 1891 420 1984 τόσσῃσιν
442 1899 616 1986 κεφαλῇσι,
640 1891 758 1972 τόσους
781 1896 811 1961 δ’
831 1903 865 1962 ἐκ
888 1901 1002 1985 φῶτας
1023 1901 1144 1976 ἕληται.

266 1992 352 2084 ἀλλά
374 1994 466 2080 μάλα
489 2001 642 2088 σφοδρῶς
664 1997 782 2077 έλάαν,
804 2001 966 2089 βωστρεῖν
988 2002 1024 2065 δέ
1045 2003 1212 2088 Κραταιίυ

199 2115 248 2166 125
267 2104 392 2183 μητέρα
415 2105 474 2180 τῆς
495 2099 664 2180 Σκύλλης,
686 2098 708 2181 ἦ
731 2124 788 2186 μιν
809 2108 879 2167 τέκε
899 2106 995 2186 πῆμα
1017 2106 1204 2189 βροτοῖσιν*

267 2197 288 2282 ἥ
310 2224 366 2286 μιν
389 2201 486 2268 ἔπειτ’
506 2201 691 2292 ἀποπαύσει
713 2211 746 2279 ές
768 2201 905 2289 ύστερον
928 2204 1133 2291 ὁρμηθῆναι.

313 2307 494 2394 Θρινακίην
515 2304 546 2370 δ’
566 2311 599 2380 ές
621 2308 725 2384 νῆσον
748 2303 899 2394 ἀφίξεαι·
922 2309 1011 2371 ἔνθα
1034 2308 1068 2371 δέ
1090 2309 1212 2372 πολλαί

265 2405 419 2492 βόσκοντ’
439 2406 562 2487 ἠελίοιο
579 2405 662 2492 χβόες
684 2411 739 2472 καὶ
755 2408 837 2498 Υ’ίφια
859 2410 958 2492 μῆλα,
991 2445 1013 2481 ·.

266 2507 347 2578 έπτά
370 2514 461 2596 βοῶν
483 2507 613 2594 ἀγέλαι,
636 2507 720 2576 τόσα
744 2511 774 2577 δ’
791 2515 869 2577 οἰῶν
890 2507 982 2576 πώεα
1002 2508 1098 2589 καλά,

200 2623 249 2674 130
266 2611 468 2694 πεντήκοντα
491 2612 520 2679 δ’
540 2619 671 2680 ἕκαστα.
700 2613 798 2700 μόνος
821 2608 909 2680 δὀὐ
927 2618 1072 2699 γίγνεται
1094 2613 1210 2692 αὐτῶν,

268 2715 442 2784 οὐδέποτε
466 2713 687 2806 φθινύθουσι.
717 2719 800 2791 θεαὶ
823 2716 853 2784 δ’
873 2724 1075 2807 ἐπιποιμένες
1098 2721 1187 2797 ιίσίν,

160 2835 163 2842 ’
266 2818 395 2909 νύμφαι
416 2818 629 2905 ἐυπλόκαμοι,
657 2818 845 2888 Φαέθουσά
866 2846 901 2886 τε
924 2825 1104 2906 Λαμπετίη
1127 2845 1170 2900 τε,

268 2917 308 2998 ἀς
330 2927 419 2988 τέκεν
441 2922 538 3007 ἠελίῳ
557 2922 721 3011 Ὑπερίονι
744 2909 805 3007 ,δῖα
829 2930 969 3007 Νέαιρα.

267 3020 327 3101 τάς
348 3030 407 3112 μὲν
429 3021 496 3113 ἀρα
519 3029 684 3116 θρέψασα
706 3024 845 3092 τεκοῦσά
867 3051 900 3091 τε
922 3025 1043 3090 πότνια
1064 3024 1173 3110 μήτηρ

200 3145 249 3195 135
273 3128 450 3212 Θρινακίην
472 3135 504 3205 ἐς
523 3131 630 3207 νῆσον
652 3125 795 3210 ἀπῴκισε
818 3125 943 3205 τηλόθι
964 3131 1076 3203 ναίειν,

266 3232 357 3312 μῆλα
379 3233 625 3325 φυλασσέμεναι
645 3226 794 3315 πατρώια
817 3233 872 3293 καὶ
896 3232 1003 3306 ἕλικας
1023 3233 1113 3314 βοῦς.

267 3327 325 3408 τάς
348 3339 374 3400 εί
395 3338 455 3417 μέν
476 3333 506 3397 κ’
526 3332 660 3410 ἀσινέας
683 3328 763 3416 έείᾳς
785 3329 962 3400 νόστουτε
984 3337 1112 3417 μέδηαι,

266 3426 294 3531 ἦΙ
311 3434 341 3499 τ’
362 3430 404 3498 ἀν
426 3436 469 3500 ἔτ’
490 3443 535 3513 είς
553 3434 695 3516 Ἰθάκην
716 3433 801 3502 κακά
827 3459 888 3520 περ
910 3433 1092 3521 πάσχοντες
1114 3439 1262 3502 ἵκοισθε·

267 3544 294 3600 εἰ
317 3539 351 3600 δέ
373 3561 407 3600 κε
431 3542 556 3618 σίνηαι,
579 3536 653 3604 τότε
675 3564 727 3604 τοι
748 3538 940 3623 τεκμαίρομ’
961 3534 1108 3622 ὄλεθρον

198 3652 248 3704 1411
267 3640 322 3717 νηί
343 3662 378 3702 τε
400 3642 456 3704 καὶ
478 3640 615 3725 ἑτάροις.
645 3636 744 3714 αὐτὸς
768 3639 796 3703 δ’
814 3640 843 3703 εί
863 3644 923 3723 πέρ
946 3662 1001 3702 κεν
1023 3637 1149 3728 ἀλύξῃς,

267 3740 330 3831 ὀφὲ
353 3743 460 3816 κακῶς
482 3750 580 3818 νεῖαι,
604 3739 721 3816 ὀλέσας
743 3736 810 3805 ἀπο
834 3737 961 3814 πάντας
983 3743 1164 3828 ἑταίρους.»

311 3840 355 3921 ἀς
376 3843 479 3934 ἔφατ’,
501 3841 618 3907 αὐτίκα
642 3845 676 3908 δέ
695 3841 929 3930 χρυσόθρονος
950 3837 1077 3921 ἤλυθεν
1098 3841 1173 3924 ἠώς.

267 3946 287 4026 ἡ
310 3953 371 4032 μὲν
393 3945 490 4012 ἔπειτ’
511 3940 576 4010 ἀνά
599 3949 703 4024 νῆσον
726 3946 877 4029 ἀπέστιχε
900 3947 957 4010 δῖα
981 3944 1112 4012 θεάιυν·

268 4046 373 4140 αὐτάρ
397 4046 478 4135 έμάν
501 4051 640 4143 ἑπὶνῆα
662 4045 754 4145 κιιὸν-Ἴ
765 4047 908 4137 ὤτρυνον
930 4052 1079 4133 εταίρους
1174 4111 1178 4116 .
