3259 4917
330 523 385 578 m
713 521 952 578 ΟΔΥΣΣΕΙΑΣ
980 525 1001 577 Ω

272 677 316 746 24
331 675 425 765 δήμῳ
446 681 493 744 ένι
521 674 642 764 Τρώων
663 675 819 744 θάνατον
840 681 897 744 καὶ
918 676 1047 762 πότμον
1069 683 1231 745 ἐπισπεῖν·

331 785 378 866 τῷ
399 786 455 847 κέν
475 804 528 846 τοι
548 777 677 864 τύμβον
697 783 757 866 μὲν
778 785 939 862 ἐποίησαν
962 783 1163 867 Παναχαιοί,

331 883 391 965 ἠδέ
411 907 447 950 κε
468 887 525 950 καὶ
546 885 594 967 σῷ
615 885 710 950 παιδί
730 889 815 970 μέγα
837 887 930 962 κλέος
951 881 1028 971 ἤρα’
1048 883 1183 951 ὀπίσσω.

331 989 392 1053 νῦν
413 985 444 1052 δ’
465 981 533 1075 άρα
556 986 588 1054 σ’
608 993 760 1072 οίκτίστῳ
781 985 923 1071 θανάτῳ
945 991 1082 1075 εἵμαρτο
1105 986 1263 1054 ἁλῶναι.»

281 1110 315 1162 35
376 1085 437 1155 τάν
458 1088 490 1154 δ’
509 1080 588 1157 αὖτε
613 1086 704 1180 φυχὴ
725 1087 954 1179 προσεφώνεεν
973 1090 1141 1175 Ἀτρείδαο

339 1188 453 1278 «ὄλβιε
474 1195 608 1272 Πηλέος
628 1198 692 1272 υίέ,
714 1196 812 1270 θεοῖς
834 1191 980 1258 ἐπιείκελ’
999 1193 1152 1277 Ἀχιλλεῦ,

334 1291 371 1373 ὃς
392 1291 500 1372 θάνες
521 1301 558 1361 έν
585 1299 686 1388 Τροίῃ
706 1289 784 1371 έκάς
803 1290 949 1382 Ἄργεος·
973 1293 1061 1385 ἀμφὶ
1084 1295 1119 1360 δέ
1141 1293 1171 1360 α’
1191 1289 1288 1362 άλλοι

332 1402 498 1464 κτείνοντο
526 1396 646 1486 Τρώων
668 1402 725 1464 καὶ
743 1399 882 1484 Ἀχαιῶν
904 1394 971 1475 υἷες
992 1394 1130 1484 ἀριστοι,

333 1497 540 1585 μαρνάμενοι
559 1504 634 1587 περὶ
656 1511 741 1566 σεῖο·
764 1497 805 1567 σά
827 1499 856 1566 δ’
875 1507 910 1566 ἐν
933 1497 1150 1589 στροφάλιγγι
1171 1503 1285 1581 κονίης

280 1617 316 1669 40
333 1613 423 1668 κεῖσο
445 1607 547 1685 μέγας
567 1606 766 1686 μεγαλωστί,
788 1605 987 1687 λελασμένος
1009 1600 1227 1669 ἱπποσυνάων.

333 1703 427 1790 ἡμεῖς
449 1706 483 1770 δὲ
505 1702 638 1793 πρόπαν
659 1696 750 1792 η’μαρ
773 1701 1003 1793 ἐμαρνάμεθ’·
1026 1706 1100 1772 οὐδέ
1123 1729 1157 1771 κε
1179 1701 1323 1790 πάμπαν

332 1803 542 1891 παυσάμεθα
562 1811 739 1892 πτολέμου,
762 1813 790 1874 εί
811 1805 858 1893 μὴ
882 1806 963 1886 Ζεὺς
985 1812 1120 1876 λαίλαπι
1142 1811 1275 1876 παῦσεν.

334 1905 441 1997 αὐτάρ
462 1914 532 1976 ἐπεί
550 1909 585 1976 σ’
605 1915 658 1977 ἐπὶ
679 1912 763 1991 νῆας
784 1914 952 1997 ἐνείκαμεν
974 1917 1009 1977 ἐκ
1030 1913 1196 1996 πολέμοιο,

333 2009 502 2096 κάτθεμεν
523 2020 559 2078 ἐν
581 2016 737 2098 λεχέεσσι,
758 2011 971 2102 καθήραντες
989 2011 1077 2103 χρόα
1099 2010 1201 2080 καλόν

282 2133 318 2186 45
334 2113 433 2184 ὕδατί
454 2138 489 2180 τε
512 2118 615 2202 λιαρῷ
636 2119 693 2181 καὶ
715 2114 885 2205 ἀλείφατι·
906 2111 1014 2182 πολλά
1037 2118 1072 2181 δέ
1095 2114 1127 2184 σ’
1149 2115 1255 2206 ἀμφίς

335 2216 463 2304 δάκρυα
483 2214 598 2304 θερμά
616 2224 695 2303 χέον
715 2221 844 2286 Δαναοί
849 2209 1027 2306 ,κείροντό
1049 2242 1082 2284 τε
1101 2221 1229 2303 χαίτας.

334 2318 444 2408 μήτηρ
467 2318 497 2385 δ’
514 2319 550 2399 ἐξ
572 2316 654 2397 ἀλός
675 2314 764 2401 ἦλθε
786 2317 848 2388 σὺν
869 2318 1045 2412 ἀθανάτῃς
1067 2318 1197 2410 ἁλίῃσιν

336 2423 489 2509 ἀγγελίης
511 2421 649 2492 ἀίουσα·
670 2421 736 2508 βοὴ
759 2422 789 2489 δ’
809 2427 862 2490 ἐπὶ
884 2420 1007 2489 πόντον
1030 2420 1146 2510 ὀρώρει

336 2529 514 2606 θεσπεσίη,
535 2522 601 2592 ὑπὸ
623 2529 658 2593 δὲ
680 2523 802 2613 τρόμος
824 2527 941 2610 ἔλλαβε
963 2521 1092 2600 πάντας
1112 2521 1268 2612 Ἀχαιούς.

285 2643 320 2696 50
337 2631 394 2694 καί
414 2625 456 2693 νά
477 2625 507 2692 κ’
527 2626 720 2707 ἀνοίξαντες
741 2631 824 2713 έβαν
846 2632 960 2704 κοίλας
974 2631 1035 2694 ἐπὶ
1055 2632 1147 2708 νῆας,

336 2737 365 2796 ελ
385 2725 432 2814 μὴ
454 2725 540 2816 ἀνὴρ
561 2735 714 2816 κατέρυκε
736 2728 864 2796 παλαιά
886 2753 920 2796 τε
941 2730 1049 2796 πολλά
1072 2755 1106 2796 τε
1130 2728 1227 2809 εἰδώς,

337 2837 488 2920 Νέστωρ,
512 2822 551 2897 οὗ
572 2834 629 2896 καὶ
649 2828 804 2916 πρόσθεν
825 2831 944 2920 ἀρίστη
967 2835 1104 2922 φαίνετο
1127 2830 1248 2916 βουλή·

338 2934 357 3003 ὅ
380 2957 462 3026 σφιν
483 2939 669 3024 ίνφρονέων
690 2932 881 3022 ἀγορήσατο
904 2939 961 3001 καὶ
981 2941 1144 3018 μετέειπεν

344 3036 503 3124 «ἴσχεσθ’,
523 3038 676 3124 Ἀργεῖοι·
699 3033 746 3121 μὴ
767 3034 916 3127 φεύγετε,
938 3038 1052 3124 κοῦροι
1071 3038 1216 3123 Ἀχαιῶν.

286 3157 320 3207 55
337 3140 446 3227 μήτηρ
468 3139 503 3219 ἐξ
524 3138 605 3218 ἁλός
628 3137 685 3220 ἥδε
708 3136 768 3206 οὐν
790 3136 967 3230 ἀθανάτῃς
989 3137 1118 3229 ἁλίῃσιν

338 3248 478 3331 ίρχεται,
501 3237 541 3309 οὗ
561 3239 680 3317 παιδός
701 3239 886 3323 τεθνηότος
908 3238 1105 3308 ἀντιόωσαι

339 3341 384 3422 ὣς
404 3338 523 3433 ἔφαθ’,
545 3347 578 3408 οί
600 3341 631 3407 δ’
651 3346 785 3427 έσχοντο
808 3341 919 3434 φόβου
944 3340 1137 3429 μεγάθυμοι
1157 3344 1289 3429 Ἀχαιοί.

339 3446 428 3539 ἀμφὶ
450 3448 485 3512 δέ
508 3442 539 3512 σ’
558 3446 701 3522 έστησαν
721 3447 838 3534 κοῦραι
860 3444 969 3512 ἁλίοιο
990 3451 1145 3533 γέροντος

340 3547 441 3637 οἴκτρ’
461 3541 722 3635 ὀλοφυρόμεναι,
743 3551 817 3632 περὶ
840 3546 870 3613 δ’
888 3543 1042 3636 άμβροτα
1066 3551 1185 3632 εἵματα
1207 3553 1317 3614 ἔσσαν.

339 3746 497 3835 θρήνεον.
527 3754 615 3817 έυθοι
636 3775 692 3816 κεν
713 3747 836 3818 οὔτιν’
856 3749 1040 3838 ἀδάκρυτόν
1062 3750 1093 3836 γ’
1120 3749 1261 3831 ἐνόησας

337 3851 506 3940 Ἀργείων·
526 3865 620 3919 τοῖον
640 3848 705 3941 γάρ
726 3851 873 3938 ὑπώρορε
895 3859 1005 3937 μοῦσα
1020 3857 1141 3939 λίγεια.

339 3947 424 4021 έπτά
446 3955 480 4020 δὲ
502 3958 558 4021 καὶ
580 3958 658 4022 δέκα
680 3960 741 4039 μέν
758 3975 799 4020 σε
823 3953 911 4039 ὁμῶς
932 3953 1050 4033 νύκτας
1074 3980 1106 4021 τε
1129 3957 1185 4020 καὶ
1207 3946 1297 4040 η’μαρ

340 4058 497 4143 κλαίομεν
518 4053 693 4125 ἀθάνατοί
712 4080 748 4123 τε
769 4059 850 4128 θεοὶ
871 4060 997 4138 θνητοί
1018 4056 1047 4124 τ’
1066 4053 1260 4145 ἄνθρωποι·
