<?xml version="1.0" encoding="UTF-8"?>
<!DOCTYPE html PUBLIC "-//W3C//DTD XHTML 1.0 Transitional//EN"
    "http://www.w3.org/TR/xhtml1/DTD/xhtml1-transitional.dtd">
<html xmlns="http://www.w3.org/1999/xhtml" xml:lang="en" lang="en">
 <head>
  <title>
</title>
<meta http-equiv="Content-Type" content="text/html;charset=utf-8" />
  <meta name='ocr-system' content='tesseract 3.04.00' />
  <meta name='ocr-capabilities' content='ocr_page ocr_carea ocr_par ocr_line ocrx_word'/>
</head>
<body>
  <div class='ocr_page' id='page_1' title='image "./homeriodyssea00bekkgoog_0189.png"; bbox 0 0 3259 4917; ppageno 0'>
   <div class='ocr_carea' id='block_1_1' title="bbox 316 534 996 592">
    <p class='ocr_par' dir='ltr' id='par_1_1' title="bbox 316 534 996 592">
     <span class='ocr_line' id='line_1_1' title="bbox 316 534 996 592; baseline -0.001 -2"><span class='ocrx_word' id='word_1_1' title='bbox 316 537 369 592; x_wconf 79' lang='lat'><em>18⁰</em></span> <span class='ocrx_word' id='word_1_2' title='bbox 699 535 937 592; x_wconf 74' lang='grc' dir='ltr'><strong>ΟΔΥΣΣΕΙΔΣ</strong></span> <span class='ocrx_word' id='word_1_3' title='bbox 964 534 996 590; x_wconf 84' lang='grc' dir='ltr'><strong>Μ</strong></span> 
     </span>
    </p>
   </div>
   <div class='ocr_carea' id='block_1_2' title="bbox 187 683 1351 4162">
    <p class='ocr_par' dir='ltr' id='par_1_2' title="bbox 187 683 1351 4162">
     <span class='ocr_line' id='line_1_2' title="bbox 265 683 1225 779; baseline -0.005 -19"><span class='ocrx_word' id='word_1_4' title='bbox 265 693 306 760; x_wconf 74' lang='lat'><em>12</em></span> <span class='ocrx_word' id='word_1_5' title='bbox 319 687 360 774; x_wconf 85' lang='grc' dir='ltr'><em>δή</em></span> <span class='ocrx_word' id='word_1_6' title='bbox 383 688 451 758; x_wconf 86' lang='grc' dir='ltr'><em>τότ’</em></span> <span class='ocrx_word' id='word_1_7' title='bbox 472 685 553 777; x_wconf 76' lang='grc' dir='ltr'><em>ἐγών</em></span> <span class='ocrx_word' id='word_1_8' title='bbox 575 690 712 777; x_wconf 77' lang='grc' dir='ltr'><em>εταίρους</em></span> <span class='ocrx_word' id='word_1_9' title='bbox 733 697 859 779; x_wconf 85' lang='grc' dir='ltr'><em>προίειν</em></span> <span class='ocrx_word' id='word_1_10' title='bbox 881 698 914 768; x_wconf 84' lang='grc' dir='ltr'><em>ές</em></span> <span class='ocrx_word' id='word_1_11' title='bbox 935 687 1074 776; x_wconf 89' lang='grc' dir='ltr'><em>δώματα</em></span> <span class='ocrx_word' id='word_1_12' title='bbox 1094 683 1225 778; x_wconf 72' lang='grc' dir='ltr'><em>Κίρτης</em></span> 
     </span>
     <span class='ocr_line' id='line_1_3' title="bbox 267 789 1030 879; baseline -0.003 -19"><span class='ocrx_word' id='word_1_13' title='bbox 267 810 300 861; x_wconf 87' lang='grc'><em>10</em></span> <span class='ocrx_word' id='word_1_14' title='bbox 318 799 484 879; x_wconf 85' lang='grc' dir='ltr'><em>σίσέμεναι</em></span> <span class='ocrx_word' id='word_1_15' title='bbox 505 789 619 879; x_wconf 88' lang='grc' dir='ltr'><em>νεκρόν</em></span> <span class='ocrx_word' id='word_1_16' title='bbox 637 791 825 878; x_wconf 81' lang='grc' dir='ltr'><em>Ἐλπήνορα</em></span> <span class='ocrx_word' id='word_1_17' title='bbox 845 797 1030 874; x_wconf 82' lang='grc' dir='ltr'><em>τεθνηῶτα.</em></span> 
     </span>
     <span class='ocr_line' id='line_1_4' title="bbox 319 891 1325 988; baseline -0.001 -27"><span class='ocrx_word' id='word_1_18' title='bbox 319 893 455 988; x_wconf 85' lang='grc' dir='ltr'><em>φιτρούς</em></span> <span class='ocrx_word' id='word_1_19' title='bbox 477 894 507 960; x_wconf 93' lang='grc' dir='ltr'><em>δ’</em></span> <span class='ocrx_word' id='word_1_20' title='bbox 523 893 611 983; x_wconf 78' lang='grc' dir='ltr'><em>αἶψα</em></span> <span class='ocrx_word' id='word_1_21' title='bbox 633 895 807 981; x_wconf 81' lang='grc' dir='ltr'><em>ταμόντες,</em></span> <span class='ocrx_word' id='word_1_22' title='bbox 831 893 892 961; x_wconf 84' lang='grc' dir='ltr'><em>ὅθ’</em></span> <span class='ocrx_word' id='word_1_23' title='bbox 911 892 1079 982; x_wconf 79' lang='grc' dir='ltr'><em>ἀκροτάτη</em></span> <span class='ocrx_word' id='word_1_24' title='bbox 1100 891 1212 981; x_wconf 81' lang='grc' dir='ltr'><em>πρόεχ’</em></span> <span class='ocrx_word' id='word_1_25' title='bbox 1231 892 1325 976; x_wconf 86' lang='grc' dir='ltr'><em>ἀκτή,</em></span> 
     </span>
     <span class='ocr_line' id='line_1_5' title="bbox 318 992 1273 1085; baseline -0.002 -21"><span class='ocrx_word' id='word_1_26' title='bbox 318 997 496 1084; x_wconf 77' lang='grc' dir='ltr'><em>θάπτομεν</em></span> <span class='ocrx_word' id='word_1_27' title='bbox 519 997 708 1085; x_wconf 88' lang='grc' dir='ltr'><em>ἀχνύμενοι,</em></span> <span class='ocrx_word' id='word_1_28' title='bbox 732 995 883 1085; x_wconf 83' lang='grc' dir='ltr'><em>θαλερόν</em></span> <span class='ocrx_word' id='word_1_29' title='bbox 904 992 989 1063; x_wconf 85' lang='grc' dir='ltr'><em>κατά</em></span> <span class='ocrx_word' id='word_1_30' title='bbox 1012 994 1114 1084; x_wconf 77' lang='grc' dir='ltr'><em>δάκρυ</em></span> <span class='ocrx_word' id='word_1_31' title='bbox 1133 1002 1273 1084; x_wconf 77' lang='grc' dir='ltr'><em>χέοντες.</em></span> 
     </span>
     <span class='ocr_line' id='line_1_6' title="bbox 224 1089 1162 1190; baseline -0.003 -22"><span class='ocrx_word' id='word_1_32' title='bbox 224 1089 226 1094; x_wconf 43' lang='grc'><em>’</em></span> <span class='ocrx_word' id='word_1_33' title='bbox 320 1096 424 1188; x_wconf 88' lang='grc' dir='ltr'><em>αύτάρ</em></span> <span class='ocrx_word' id='word_1_34' title='bbox 448 1105 516 1168; x_wconf 80' lang='grc' dir='ltr'><em>ἐπεὶ</em></span> <span class='ocrx_word' id='word_1_35' title='bbox 538 1099 651 1190; x_wconf 87' lang='grc' dir='ltr'><em>νεκρός</em></span> <span class='ocrx_word' id='word_1_36' title='bbox 673 1100 702 1166; x_wconf 91' lang='grc' dir='ltr'><em>τ’</em></span> <span class='ocrx_word' id='word_1_37' title='bbox 722 1098 802 1180; x_wconf 80' lang='grc' dir='ltr'><em>έκώη</em></span> <span class='ocrx_word' id='word_1_38' title='bbox 825 1103 881 1166; x_wconf 76' lang='grc' dir='ltr'><em>καὶ</em></span> <span class='ocrx_word' id='word_1_39' title='bbox 903 1097 1017 1185; x_wconf 89' lang='grc' dir='ltr'><em>τεύχεα</em></span> <span class='ocrx_word' id='word_1_40' title='bbox 1032 1103 1162 1184; x_wconf 60' lang='grc' dir='ltr'><em>«νεκροῦ,</em></span> 
     </span>
     <span class='ocr_line' id='line_1_7' title="bbox 319 1199 1110 1292; baseline -0.001 -24"><span class='ocrx_word' id='word_1_41' title='bbox 319 1201 445 1289; x_wconf 82' lang='grc' dir='ltr'><em>τύμβον</em></span> <span class='ocrx_word' id='word_1_42' title='bbox 463 1200 617 1289; x_wconf 76' lang='grc' dir='ltr'><em>χεύαντες</em></span> <span class='ocrx_word' id='word_1_43' title='bbox 638 1207 692 1270; x_wconf 85' lang='grc' dir='ltr'><em>καὶ</em></span> <span class='ocrx_word' id='word_1_44' title='bbox 715 1207 768 1270; x_wconf 74' lang='grc' dir='ltr'><em>ἐπὶ</em></span> <span class='ocrx_word' id='word_1_45' title='bbox 791 1201 916 1284; x_wconf 83' lang='grc' dir='ltr'><em>στήλην</em></span> <span class='ocrx_word' id='word_1_46' title='bbox 937 1199 1110 1292; x_wconf 77' lang='grc' dir='ltr'><em>ἐρύσαντες</em></span> 
     </span>
     <span class='ocr_line' id='line_1_8' title="bbox 270 1302 1168 1393; baseline 0.002 -25"><span class='ocrx_word' id='word_1_47' title='bbox 270 1317 301 1369; x_wconf 90' lang='grc'><em>15</em></span> <span class='ocrx_word' id='word_1_48' title='bbox 320 1303 469 1391; x_wconf 80' lang='grc' dir='ltr'><em>πήξαμεν</em></span> <span class='ocrx_word' id='word_1_49' title='bbox 492 1304 664 1390; x_wconf 82' lang='grc' dir='ltr'><em>ἀκροτάτῳ</em></span> <span class='ocrx_word' id='word_1_50' title='bbox 686 1303 800 1391; x_wconf 75' lang='grc' dir='ltr'><em>τύμβῳ</em></span> <span class='ocrx_word' id='word_1_51' title='bbox 824 1305 936 1393; x_wconf 83' lang='grc' dir='ltr'><em>εὐῆρες</em></span> <span class='ocrx_word' id='word_1_52' title='bbox 957 1302 1102 1391; x_wconf 80' lang='grc' dir='ltr'><em>ἐρετμόν.</em></span> <span class='ocrx_word' id='word_1_53' title='bbox 1164 1321 1168 1328; x_wconf 88' lang='grc'><em>“</em></span> 
     </span>
     <span class='ocr_line' id='line_1_9' title="bbox 364 1405 1351 1496; baseline 0 -22"><span class='ocrx_word' id='word_1_54' title='bbox 364 1409 456 1492; x_wconf 79' lang='grc' dir='ltr'><em>ἡμεῖς</em></span> <span class='ocrx_word' id='word_1_55' title='bbox 477 1412 537 1493; x_wconf 80' lang='grc' dir='ltr'><em>μέν</em></span> <span class='ocrx_word' id='word_1_56' title='bbox 560 1405 600 1473; x_wconf 88' lang='grc' dir='ltr'><em>τά</em></span> <span class='ocrx_word' id='word_1_57' title='bbox 623 1416 744 1475; x_wconf 85' lang='grc' dir='ltr'><em>έκαστα</em></span> <span class='ocrx_word' id='word_1_58' title='bbox 766 1410 950 1494; x_wconf 86' lang='grc' dir='ltr'><em>διείπομεν·</em></span> <span class='ocrx_word' id='word_1_59' title='bbox 977 1405 1046 1475; x_wconf 80' lang='grc' dir='ltr'><em>οὐδ’</em></span> <span class='ocrx_word' id='word_1_60' title='bbox 1067 1405 1135 1496; x_wconf 85' lang='grc' dir='ltr'><em>ἀρα</em></span> <span class='ocrx_word' id='word_1_61' title='bbox 1156 1409 1287 1496; x_wconf 82' lang='grc' dir='ltr'><em>Κίρκην</em></span> <span class='ocrx_word' id='word_1_62' title='bbox 1345 1457 1351 1464; x_wconf 76' lang='lat'><em>,</em></span> 
     </span>
     <span class='ocr_line' id='line_1_10' title="bbox 320 1502 1175 1597; baseline -0.001 -20"><span class='ocrx_word' id='word_1_63' title='bbox 320 1511 354 1591; x_wconf 76' lang='grc' dir='ltr'><em>ἐξ</em></span> <span class='ocrx_word' id='word_1_64' title='bbox 374 1511 485 1576; x_wconf 84' lang='grc' dir='ltr'><em>Ἀίδεω</em></span> <span class='ocrx_word' id='word_1_65' title='bbox 508 1508 666 1587; x_wconf 74' lang='grc' dir='ltr'><em>ἐλθόντες</em></span> <span class='ocrx_word' id='word_1_66' title='bbox 688 1507 872 1595; x_wconf 77' lang='grc' dir='ltr'><em>ἐλήθομεν,</em></span> <span class='ocrx_word' id='word_1_67' title='bbox 898 1505 985 1575; x_wconf 87' lang='grc' dir='ltr'><em>ἀλλά</em></span> <span class='ocrx_word' id='word_1_68' title='bbox 1006 1507 1085 1597; x_wconf 80' lang='grc' dir='ltr'><em>μόλ’</em></span> <span class='ocrx_word' id='word_1_69' title='bbox 1105 1502 1175 1576; x_wconf 80' lang='grc' dir='ltr'><em>ὦκα</em></span> 
     </span>
     <span class='ocr_line' id='line_1_11' title="bbox 320 1607 1224 1705; baseline 0 -27"><span class='ocrx_word' id='word_1_70' title='bbox 320 1607 402 1694; x_wconf 76' lang='grc' dir='ltr'><em>ἦλθ’</em></span> <span class='ocrx_word' id='word_1_71' title='bbox 423 1617 638 1698; x_wconf 80' lang='grc' dir='ltr'><em>ἐντυναμένη·</em></span> <span class='ocrx_word' id='word_1_72' title='bbox 666 1610 737 1700; x_wconf 81' lang='grc' dir='ltr'><em>ἅμα</em></span> <span class='ocrx_word' id='word_1_73' title='bbox 761 1611 791 1677; x_wconf 87' lang='grc' dir='ltr'><em>δ’</em></span> <span class='ocrx_word' id='word_1_74' title='bbox 808 1611 995 1704; x_wconf 82' lang='grc' dir='ltr'><em>ἀμφίπολοι</em></span> <span class='ocrx_word' id='word_1_75' title='bbox 1016 1618 1120 1705; x_wconf 89' lang='grc' dir='ltr'><em>φέρον</em></span> <span class='ocrx_word' id='word_1_76' title='bbox 1141 1611 1224 1704; x_wconf 73' lang='grc' dir='ltr'><em>αὐτῇ</em></span> 
     </span>
     <span class='ocr_line' id='line_1_12' title="bbox 322 1713 1249 1805; baseline 0.001 -24"><span class='ocrx_word' id='word_1_77' title='bbox 322 1726 414 1783; x_wconf 83' lang='grc' dir='ltr'><em>σῖτον</em></span> <span class='ocrx_word' id='word_1_78' title='bbox 436 1720 492 1782; x_wconf 83' lang='grc' dir='ltr'><em>καὶ</em></span> <span class='ocrx_word' id='word_1_79' title='bbox 514 1721 593 1804; x_wconf 82' lang='grc' dir='ltr'><em>κρέα</em></span> <span class='ocrx_word' id='word_1_80' title='bbox 615 1713 723 1782; x_wconf 77' lang='grc' dir='ltr'><em>πολλοὶ</em></span> <span class='ocrx_word' id='word_1_81' title='bbox 745 1719 801 1782; x_wconf 79' lang='grc' dir='ltr'><em>κοιλ</em></span> <span class='ocrx_word' id='word_1_82' title='bbox 825 1715 959 1782; x_wconf 76' lang='grc' dir='ltr'><em>αἴθοπα</em></span> <span class='ocrx_word' id='word_1_83' title='bbox 982 1716 1072 1784; x_wconf 80' lang='grc' dir='ltr'><em>οἶνον</em></span> <span class='ocrx_word' id='word_1_84' title='bbox 1094 1713 1249 1805; x_wconf 79' lang='grc' dir='ltr'><em>ἐρυθρόν.</em></span> 
     </span>
     <span class='ocr_line' id='line_1_13' title="bbox 247 1816 1100 1903; baseline -0.006 -14"><span class='ocrx_word' id='word_1_85' title='bbox 247 1837 303 1899; x_wconf 82' lang='grc'><em>,20</em></span> <span class='ocrx_word' id='word_1_86' title='bbox 322 1818 342 1900; x_wconf 86' lang='grc' dir='ltr'><strong><em>ἡ</em></strong></span> <span class='ocrx_word' id='word_1_87' title='bbox 366 1819 396 1886; x_wconf 89' lang='grc' dir='ltr'><em>δ’</em></span> <span class='ocrx_word' id='word_1_88' title='bbox 416 1826 451 1884; x_wconf 90' lang='grc' dir='ltr'><em>έν</em></span> <span class='ocrx_word' id='word_1_89' title='bbox 472 1823 581 1903; x_wconf 78' lang='grc' dir='ltr'><em>μέσσῳ</em></span> <span class='ocrx_word' id='word_1_90' title='bbox 604 1823 713 1886; x_wconf 86' lang='grc' dir='ltr'><em>στάσοι</em></span> <span class='ocrx_word' id='word_1_91' title='bbox 735 1816 882 1903; x_wconf 82' lang='grc' dir='ltr'><em>μετηύδα</em></span> <span class='ocrx_word' id='word_1_92' title='bbox 904 1821 961 1885; x_wconf 77' lang='grc' dir='ltr'><em>δῖα</em></span> <span class='ocrx_word' id='word_1_93' title='bbox 984 1817 1100 1884; x_wconf 83' lang='grc' dir='ltr'><em>θεώαιν</em></span> 
     </span>
     <span class='ocr_line' id='line_1_14' title="bbox 328 1919 1147 2008; baseline 0 -20"><span class='ocrx_word' id='word_1_94' title='bbox 328 1925 503 2008; x_wconf 82' lang='grc' dir='ltr'><em>«σχέτλιοι,</em></span> <span class='ocrx_word' id='word_1_95' title='bbox 526 1923 559 1988; x_wconf 81' lang='grc' dir='ltr'><em>οἲ</em></span> <span class='ocrx_word' id='word_1_96' title='bbox 581 1920 716 2002; x_wconf 82' lang='grc' dir='ltr'><em>ζώοντες</em></span> <span class='ocrx_word' id='word_1_97' title='bbox 739 1919 904 2002; x_wconf 74' lang='grc' dir='ltr'><em>ὑπήλθετε</em></span> <span class='ocrx_word' id='word_1_98' title='bbox 926 1921 1006 2007; x_wconf 80' lang='grc' dir='ltr'><em>δῶμ’</em></span> <span class='ocrx_word' id='word_1_99' title='bbox 1025 1923 1147 2000; x_wconf 85' lang='grc' dir='ltr'><em>Ἀίδαο,</em></span> 
     </span>
     <span class='ocr_line' id='line_1_15' title="bbox 235 2021 1279 2113; baseline -0.001 -22"><span class='ocrx_word' id='word_1_100' title='bbox 235 2039 240 2047; x_wconf 94' lang='grc'><em>’</em></span> <span class='ocrx_word' id='word_1_101' title='bbox 322 2028 510 2104; x_wconf 89' lang='grc' dir='ltr'><em>δισθανέες,</em></span> <span class='ocrx_word' id='word_1_102' title='bbox 534 2022 587 2090; x_wconf 88' lang='grc' dir='ltr'><em>ὅτε</em></span> <span class='ocrx_word' id='word_1_103' title='bbox 611 2023 639 2090; x_wconf 90' lang='grc' dir='ltr'><em>τ’</em></span> <span class='ocrx_word' id='word_1_104' title='bbox 660 2023 756 2092; x_wconf 87' lang='grc' dir='ltr'><em>ἀλλοι</em></span> <span class='ocrx_word' id='word_1_105' title='bbox 778 2023 869 2104; x_wconf 79' lang='grc' dir='ltr'><em>ἅπαξ</em></span> <span class='ocrx_word' id='word_1_106' title='bbox 891 2022 1074 2105; x_wconf 85' lang='grc' dir='ltr'><em>θνήσκουσ’</em></span> <span class='ocrx_word' id='word_1_107' title='bbox 1093 2021 1279 2113; x_wconf 76' lang='grc' dir='ltr'><em>ἅνθρωποι.</em></span> 
     </span>
     <span class='ocr_line' id='line_1_16' title="bbox 322 2122 1181 2212; baseline 0.002 -20"><span class='ocrx_word' id='word_1_108' title='bbox 322 2127 396 2193; x_wconf 86' lang='grc' dir='ltr'><em>ἀλλ’</em></span> <span class='ocrx_word' id='word_1_109' title='bbox 416 2122 503 2211; x_wconf 77' lang='grc' dir='ltr'><em>ἄγετ’</em></span> <span class='ocrx_word' id='word_1_110' title='bbox 523 2131 654 2194; x_wconf 76' lang='grc' dir='ltr'><em>ἐσθίετε</em></span> <span class='ocrx_word' id='word_1_111' title='bbox 674 2124 813 2212; x_wconf 80' lang='grc' dir='ltr'><em>βρώμην</em></span> <span class='ocrx_word' id='word_1_112' title='bbox 834 2131 891 2193; x_wconf 82' lang='grc' dir='ltr'><em>καί</em></span> <span class='ocrx_word' id='word_1_113' title='bbox 912 2131 1020 2193; x_wconf 89' lang='grc' dir='ltr'><em>πίνετε</em></span> <span class='ocrx_word' id='word_1_114' title='bbox 1043 2123 1135 2194; x_wconf 82' lang='grc' dir='ltr'><em>οἶνον</em></span> <span class='ocrx_word' id='word_1_115' title='bbox 1173 2159 1181 2180; x_wconf 61' lang='grc' dir='ltr'><em>ι</em></span> 
     </span>
     <span class='ocr_line' id='line_1_17' title="bbox 322 2222 1135 2322; baseline 0.001 -28"><span class='ocrx_word' id='word_1_116' title='bbox 322 2222 409 2296; x_wconf 85' lang='grc' dir='ltr'><em>αὖθι</em></span> <span class='ocrx_word' id='word_1_117' title='bbox 430 2235 641 2317; x_wconf 87' lang='grc' dir='ltr'><em>πανημέριοι·</em></span> <span class='ocrx_word' id='word_1_118' title='bbox 665 2227 737 2315; x_wconf 79' lang='grc' dir='ltr'><em>ἅμα</em></span> <span class='ocrx_word' id='word_1_119' title='bbox 760 2230 791 2296; x_wconf 88' lang='grc' dir='ltr'><em>δ’</em></span> <span class='ocrx_word' id='word_1_120' title='bbox 811 2230 867 2311; x_wconf 83' lang='grc' dir='ltr'><strong><em>ήοῖ</em></strong></span> <span class='ocrx_word' id='word_1_121' title='bbox 889 2236 1135 2322; x_wconf 73' lang='grc' dir='ltr'><em>φαινομένηφιν</em></span> 
     </span>
     <span class='ocr_line' id='line_1_18' title="bbox 257 2328 1205 2418; baseline -0.003 -15"><span class='ocrx_word' id='word_1_122' title='bbox 257 2337 304 2404; x_wconf 70' lang='grc'><em>25</em></span> <span class='ocrx_word' id='word_1_123' title='bbox 322 2329 508 2398; x_wconf 88' lang='grc' dir='ltr'><em>πλεύσεσθ’.</em></span> <span class='ocrx_word' id='word_1_124' title='bbox 533 2328 637 2418; x_wconf 79' lang='grc' dir='ltr'><em>αὐτὰρ</em></span> <span class='ocrx_word' id='word_1_125' title='bbox 661 2330 722 2417; x_wconf 77' lang='grc' dir='ltr'><em>ἐγώ</em></span> <span class='ocrx_word' id='word_1_126' title='bbox 740 2334 839 2414; x_wconf 68' lang='grc' dir='ltr'><em>Δδείξω</em></span> <span class='ocrx_word' id='word_1_127' title='bbox 862 2330 943 2400; x_wconf 85' lang='grc' dir='ltr'><em>ὁδόν</em></span> <span class='ocrx_word' id='word_1_128' title='bbox 965 2333 1022 2414; x_wconf 80' lang='grc' dir='ltr'><em>ήδέ</em></span> <span class='ocrx_word' id='word_1_129' title='bbox 1044 2342 1168 2400; x_wconf 83' lang='grc' dir='ltr'><em>έκαστα</em></span> <span class='ocrx_word' id='word_1_130' title='bbox 1202 2386 1205 2392; x_wconf 84' lang='grc'><em>.</em></span> 
     </span>
     <span class='ocr_line' id='line_1_19' title="bbox 187 2434 1090 2529; baseline 0.002 -28"><span class='ocrx_word' id='word_1_131' title='bbox 187 2515 193 2529; x_wconf 82' lang='lat'>.</span> <span class='ocrx_word' id='word_1_132' title='bbox 291 2521 293 2524; x_wconf 22' lang='grc' dir='ltr'>Ι</span> <span class='ocrx_word' id='word_1_133' title='bbox 324 2441 491 2519; x_wconf 85' lang='grc' dir='ltr'><em>σημανέω,</em></span> <span class='ocrx_word' id='word_1_134' title='bbox 514 2434 638 2522; x_wconf 82' lang='grc' dir='ltr'><em>ἵναμή</em></span> <span class='ocrx_word' id='word_1_135' title='bbox 662 2463 691 2504; x_wconf 91' lang='grc' dir='ltr'><em>τι</em></span> <span class='ocrx_word' id='word_1_136' title='bbox 713 2440 921 2527; x_wconf 76' lang='grc' dir='ltr'><em>κακορραφίῃ</em></span> <span class='ocrx_word' id='word_1_137' title='bbox 942 2436 1090 2529; x_wconf 76' lang='grc' dir='ltr'><em>ἀλεγεινῇ</em></span> 
     </span>
     <span class='ocr_line' id='line_1_20' title="bbox 203 2533 1170 2625; baseline 0.008 -24"><span class='ocrx_word' id='word_1_138' title='bbox 203 2573 209 2582; x_wconf 83' lang='grc'><strong><em>·</em></strong></span> <span class='ocrx_word' id='word_1_139' title='bbox 322 2533 447 2617; x_wconf 81' lang='grc' dir='ltr'><em>ήοίλός</em></span> <span class='ocrx_word' id='word_1_140' title='bbox 472 2533 491 2617; x_wconf 76' lang='grc' dir='ltr'>ἢ</span> <span class='ocrx_word' id='word_1_141' title='bbox 514 2542 567 2604; x_wconf 83' lang='grc' dir='ltr'><em>έπὶ</em></span> <span class='ocrx_word' id='word_1_142' title='bbox 589 2544 649 2620; x_wconf 80' lang='grc' dir='ltr'><em>γῆς</em></span> <span class='ocrx_word' id='word_1_143' title='bbox 670 2538 828 2624; x_wconf 79' lang='grc' dir='ltr'><em>ἀλγήσετε</em></span> <span class='ocrx_word' id='word_1_144' title='bbox 851 2545 946 2625; x_wconf 84' lang='grc' dir='ltr'><em>πῆμα</em></span> <span class='ocrx_word' id='word_1_145' title='bbox 967 2538 1170 2617; x_wconf 70' lang='grc' dir='ltr'><em>παθόντες.»</em></span> 
     </span>
     <span class='ocr_line' id='line_1_21' title="bbox 368 2634 1300 2729; baseline 0.004 -27"><span class='ocrx_word' id='word_1_146' title='bbox 368 2634 411 2715; x_wconf 84' lang='grc' dir='ltr'><em>ώς</em></span> <span class='ocrx_word' id='word_1_147' title='bbox 433 2641 546 2727; x_wconf 63' lang='grc' dir='ltr'><em>ίίφαθζ</em></span> <span class='ocrx_word' id='word_1_148' title='bbox 570 2641 648 2725; x_wconf 80' lang='grc' dir='ltr'><em>ἡμῖν</em></span> <span class='ocrx_word' id='word_1_149' title='bbox 660 2640 700 2707; x_wconf 80' lang='grc' dir='ltr'><em>δ’</em></span> <span class='ocrx_word' id='word_1_150' title='bbox 716 2634 789 2718; x_wconf 76' lang='grc' dir='ltr'><em>αὖτ’</em></span> <span class='ocrx_word' id='word_1_151' title='bbox 809 2646 1004 2723; x_wconf 77' lang='grc' dir='ltr'><em>ἐπεπείθετο</em></span> <span class='ocrx_word' id='word_1_152' title='bbox 1025 2640 1138 2727; x_wconf 88' lang='grc' dir='ltr'><em>θυμός</em></span> <span class='ocrx_word' id='word_1_153' title='bbox 1160 2638 1300 2729; x_wconf 84' lang='grc' dir='ltr'><em>ἀγήνωρ.</em></span> 
     </span>
     <span class='ocr_line' id='line_1_22' title="bbox 324 2737 1231 2830; baseline 0.003 -25"><span class='ocrx_word' id='word_1_154' title='bbox 324 2737 367 2818; x_wconf 82' lang='grc' dir='ltr'><em>ώς</em></span> <span class='ocrx_word' id='word_1_155' title='bbox 390 2738 462 2806; x_wconf 86' lang='grc' dir='ltr'><em>τότε</em></span> <span class='ocrx_word' id='word_1_156' title='bbox 484 2745 544 2827; x_wconf 78' lang='grc' dir='ltr'><em>μὲν</em></span> <span class='ocrx_word' id='word_1_157' title='bbox 565 2741 697 2829; x_wconf 90' lang='grc' dir='ltr'><em>πρόπαν</em></span> <span class='ocrx_word' id='word_1_158' title='bbox 719 2737 827 2830; x_wconf 81' lang='grc' dir='ltr'><em>ἦμαρ,</em></span> <span class='ocrx_word' id='word_1_159' title='bbox 850 2753 883 2823; x_wconf 84' lang='grc' dir='ltr'><em>ές</em></span> <span class='ocrx_word' id='word_1_160' title='bbox 904 2745 1015 2826; x_wconf 87' lang='grc' dir='ltr'><em>ήέλιον</em></span> <span class='ocrx_word' id='word_1_161' title='bbox 1034 2742 1231 2822; x_wconf 79' lang='grc' dir='ltr'><em>καταδύντα,</em></span> 
     </span>
     <span class='ocr_line' id='line_1_23' title="bbox 273 2841 1300 2936; baseline 0.002 -26"><span class='ocrx_word' id='word_1_162' title='bbox 273 2860 306 2911; x_wconf 87' lang='grc'><em>30</em></span> <span class='ocrx_word' id='word_1_163' title='bbox 324 2841 442 2929; x_wconf 87' lang='grc' dir='ltr'><em>ήμεθα</em></span> <span class='ocrx_word' id='word_1_164' title='bbox 465 2843 654 2932; x_wconf 87' lang='grc' dir='ltr'><em>δαινύμενοι</em></span> <span class='ocrx_word' id='word_1_165' title='bbox 674 2854 757 2934; x_wconf 85' lang='grc' dir='ltr'><em>κρέα·</em></span> <span class='ocrx_word' id='word_1_166' title='bbox 774 2847 805 2914; x_wconf 87' lang='grc' dir='ltr'><em>τ’</em></span> <span class='ocrx_word' id='word_1_167' title='bbox 824 2843 952 2914; x_wconf 85' lang='grc' dir='ltr'><em>ἀσπετα</em></span> <span class='ocrx_word' id='word_1_168' title='bbox 973 2853 1029 2916; x_wconf 80' lang='grc' dir='ltr'><em>καὶ</em></span> <span class='ocrx_word' id='word_1_169' title='bbox 1049 2851 1142 2936; x_wconf 82' lang='grc' dir='ltr'><em>μέθυ</em></span> <span class='ocrx_word' id='word_1_170' title='bbox 1162 2844 1240 2928; x_wconf 83' lang='grc' dir='ltr'><em>ἡδύ·</em></span> <span class='ocrx_word' id='word_1_171' title='bbox 1295 2855 1300 2864; x_wconf 91' lang='grc'><strong>“</strong></span> 
     </span>
     <span class='ocr_line' id='line_1_24' title="bbox 324 2937 1163 3040; baseline 0.002 -26"><span class='ocrx_word' id='word_1_172' title='bbox 324 2937 408 3032; x_wconf 81' lang='grc' dir='ltr'><em>ἦμος</em></span> <span class='ocrx_word' id='word_1_173' title='bbox 432 2947 461 3013; x_wconf 84' lang='grc' dir='ltr'><em>δ’</em></span> <span class='ocrx_word' id='word_1_174' title='bbox 481 2948 588 3031; x_wconf 85' lang='grc' dir='ltr'><em>η’έλιος</em></span> <span class='ocrx_word' id='word_1_175' title='bbox 609 2953 727 3017; x_wconf 87' lang='grc' dir='ltr'><em>κατέδυ</em></span> <span class='ocrx_word' id='word_1_176' title='bbox 748 2953 803 3016; x_wconf 85' lang='grc' dir='ltr'><em>καὶ</em></span> <span class='ocrx_word' id='word_1_177' title='bbox 827 2954 881 3017; x_wconf 73' lang='grc' dir='ltr'><em>ἐπὶ</em></span> <span class='ocrx_word' id='word_1_178' title='bbox 901 2956 1025 3040; x_wconf 81' lang='grc' dir='ltr'><em>κνέφας</em></span> <span class='ocrx_word' id='word_1_179' title='bbox 1046 2944 1163 3032; x_wconf 79' lang='grc' dir='ltr'><em>ἦλθεν,</em></span> 
     </span>
     <span class='ocr_line' id='line_1_25' title="bbox 325 3049 1098 3141; baseline 0.005 -25"><span class='ocrx_word' id='word_1_180' title='bbox 325 3056 357 3116; x_wconf 88' lang='grc' dir='ltr'><em>οἱ</em></span> <span class='ocrx_word' id='word_1_181' title='bbox 379 3055 439 3136; x_wconf 75' lang='grc' dir='ltr'><em>μέν</em></span> <span class='ocrx_word' id='word_1_182' title='bbox 460 3051 662 3140; x_wconf 86' lang='grc' dir='ltr'><em>κοιμήσαντο</em></span> <span class='ocrx_word' id='word_1_183' title='bbox 684 3049 777 3138; x_wconf 87' lang='grc' dir='ltr'><em>παρά</em></span> <span class='ocrx_word' id='word_1_184' title='bbox 798 3051 987 3141; x_wconf 84' lang='grc' dir='ltr'><em>πρυμνήσια</em></span> <span class='ocrx_word' id='word_1_185' title='bbox 1009 3052 1098 3135; x_wconf 89' lang='grc' dir='ltr'><em>νηός,</em></span> 
     </span>
     <span class='ocr_line' id='line_1_26' title="bbox 324 3152 1246 3247; baseline 0.001 -27"><span class='ocrx_word' id='word_1_186' title='bbox 324 3152 345 3234; x_wconf 86' lang='grc' dir='ltr'><em>ή</em></span> <span class='ocrx_word' id='word_1_187' title='bbox 369 3154 399 3220; x_wconf 92' lang='grc' dir='ltr'><em>δ’</em></span> <span class='ocrx_word' id='word_1_188' title='bbox 419 3159 473 3240; x_wconf 82' lang='grc' dir='ltr'><em>έμὲ</em></span> <span class='ocrx_word' id='word_1_189' title='bbox 492 3153 601 3243; x_wconf 86' lang='grc' dir='ltr'><em>χειρός</em></span> <span class='ocrx_word' id='word_1_190' title='bbox 622 3160 744 3224; x_wconf 76' lang='grc' dir='ltr'><em>ἑλοῦσα</em></span> <span class='ocrx_word' id='word_1_191' title='bbox 767 3160 874 3244; x_wconf 83' lang='grc' dir='ltr'><em>φίλων</em></span> <span class='ocrx_word' id='word_1_192' title='bbox 895 3153 1085 3247; x_wconf 87' lang='grc' dir='ltr'><em>ἀπονόσφιν</em></span> <span class='ocrx_word' id='word_1_193' title='bbox 1106 3160 1246 3243; x_wconf 81' lang='grc' dir='ltr'><em>ἑταίρων</em></span> 
     </span>
     <span class='ocr_line' id='line_1_27' title="bbox 325 3253 1186 3346; baseline 0.005 -26"><span class='ocrx_word' id='word_1_194' title='bbox 325 3253 390 3320; x_wconf 87' lang='grc' dir='ltr'><em>εἷσέ</em></span> <span class='ocrx_word' id='word_1_195' title='bbox 411 3281 446 3322; x_wconf 91' lang='grc' dir='ltr'><em>τε</em></span> <span class='ocrx_word' id='word_1_196' title='bbox 468 3262 525 3323; x_wconf 85' lang='grc' dir='ltr'><em>καὶ</em></span> <span class='ocrx_word' id='word_1_197' title='bbox 544 3263 756 3345; x_wconf 86' lang='grc' dir='ltr'><em>προσέλεκτο,</em></span> <span class='ocrx_word' id='word_1_198' title='bbox 778 3263 835 3323; x_wconf 84' lang='grc' dir='ltr'><em>καὶ</em></span> <span class='ocrx_word' id='word_1_199' title='bbox 858 3258 1028 3346; x_wconf 76' lang='grc' dir='ltr'><em>ἐξερέεινεν</em></span> <span class='ocrx_word' id='word_1_200' title='bbox 1050 3268 1186 3327; x_wconf 87' lang='grc' dir='ltr'><em>έκαστα·</em></span> 
     </span>
     <span class='ocr_line' id='line_1_28' title="bbox 274 3351 1145 3450; baseline 0.002 -24"><span class='ocrx_word' id='word_1_201' title='bbox 274 3375 307 3426; x_wconf 85' lang='grc'><em>35</em></span> <span class='ocrx_word' id='word_1_202' title='bbox 326 3351 432 3445; x_wconf 85' lang='grc' dir='ltr'><em>αύτάρ</em></span> <span class='ocrx_word' id='word_1_203' title='bbox 455 3355 516 3445; x_wconf 82' lang='grc' dir='ltr'><em>ἐγώ</em></span> <span class='ocrx_word' id='word_1_204' title='bbox 538 3363 576 3450; x_wconf 76' lang='grc' dir='ltr'><em>τῇ</em></span> <span class='ocrx_word' id='word_1_205' title='bbox 598 3359 709 3427; x_wconf 84' lang='grc' dir='ltr'><em>πάντα</em></span> <span class='ocrx_word' id='word_1_206' title='bbox 730 3357 815 3426; x_wconf 90' lang='grc' dir='ltr'><em>κατά</em></span> <span class='ocrx_word' id='word_1_207' title='bbox 837 3370 960 3446; x_wconf 87' lang='grc' dir='ltr'><em>μοῖραν</em></span> <span class='ocrx_word' id='word_1_208' title='bbox 981 3361 1113 3442; x_wconf 86' lang='grc' dir='ltr'><em>κατέλεξ</em></span> <span class='ocrx_word' id='word_1_209' title='bbox 1137 3412 1145 3427; x_wconf 94' lang='grc'><em>.</em></span> 
     </span>
     <span class='ocr_line' id='line_1_29' title="bbox 325 3457 1223 3552; baseline 0.006 -27"><span class='ocrx_word' id='word_1_210' title='bbox 325 3464 381 3526; x_wconf 85' lang='grc' dir='ltr'><em>καὶ</em></span> <span class='ocrx_word' id='word_1_211' title='bbox 404 3457 477 3527; x_wconf 87' lang='grc' dir='ltr'><em>τότε</em></span> <span class='ocrx_word' id='word_1_212' title='bbox 501 3459 541 3542; x_wconf 89' lang='grc' dir='ltr'><em>δή</em></span> <span class='ocrx_word' id='word_1_213' title='bbox 563 3462 599 3547; x_wconf 91' lang='grc' dir='ltr'><em>μ’</em></span> <span class='ocrx_word' id='word_1_214' title='bbox 618 3468 745 3529; x_wconf 83' lang='grc' dir='ltr'><em>ἐπέεσσι</em></span> <span class='ocrx_word' id='word_1_215' title='bbox 766 3461 939 3550; x_wconf 85' lang='grc' dir='ltr'><em>προσηύδα</em></span> <span class='ocrx_word' id='word_1_216' title='bbox 961 3463 1081 3531; x_wconf 84' lang='grc' dir='ltr'><em>πότνια</em></span> <span class='ocrx_word' id='word_1_217' title='bbox 1101 3466 1223 3552; x_wconf 88' lang='grc' dir='ltr'><em>Κίρκη.</em></span> 
     </span>
     <span class='ocr_line' id='line_1_30' title="bbox 333 3561 1311 3654; baseline 0.005 -26"><span class='ocrx_word' id='word_1_218' title='bbox 333 3565 460 3630; x_wconf 78' lang='grc' dir='ltr'><em>«ταῦτα</em></span> <span class='ocrx_word' id='word_1_219' title='bbox 482 3567 541 3649; x_wconf 81' lang='grc' dir='ltr'><em>μὲν</em></span> <span class='ocrx_word' id='word_1_220' title='bbox 564 3561 648 3632; x_wconf 89' lang='grc' dir='ltr'><em>ούτω</em></span> <span class='ocrx_word' id='word_1_221' title='bbox 670 3561 782 3631; x_wconf 78' lang='grc' dir='ltr'><em>πάντα</em></span> <span class='ocrx_word' id='word_1_222' title='bbox 803 3569 1030 3654; x_wconf 88' lang='grc' dir='ltr'><em>πεπείρανται,</em></span> <span class='ocrx_word' id='word_1_223' title='bbox 1053 3562 1095 3634; x_wconf 85' lang='grc' dir='ltr'><em>σύ</em></span> <span class='ocrx_word' id='word_1_224' title='bbox 1116 3567 1145 3632; x_wconf 85' lang='grc' dir='ltr'><em>δ’</em></span> <span class='ocrx_word' id='word_1_225' title='bbox 1165 3562 1311 3634; x_wconf 85' lang='grc' dir='ltr'><em>ἀκοασαν</em></span> 
     </span>
     <span class='ocr_line' id='line_1_31' title="bbox 327 3662 1233 3754; baseline 0.004 -24"><span class='ocrx_word' id='word_1_226' title='bbox 327 3662 369 3741; x_wconf 88' lang='grc' dir='ltr'><em>ώς</em></span> <span class='ocrx_word' id='word_1_227' title='bbox 391 3691 442 3732; x_wconf 91' lang='grc' dir='ltr'><em>τοι</em></span> <span class='ocrx_word' id='word_1_228' title='bbox 465 3663 546 3752; x_wconf 78' lang='grc' dir='ltr'><em>ἐγών</em></span> <span class='ocrx_word' id='word_1_229' title='bbox 568 3672 661 3754; x_wconf 83' lang='grc' dir='ltr'><em>έρέω·</em></span> <span class='ocrx_word' id='word_1_230' title='bbox 683 3666 801 3754; x_wconf 86' lang='grc' dir='ltr'><em>μνήσει</em></span> <span class='ocrx_word' id='word_1_231' title='bbox 823 3672 858 3736; x_wconf 88' lang='grc' dir='ltr'><em>δέ</em></span> <span class='ocrx_word' id='word_1_232' title='bbox 881 3692 918 3736; x_wconf 90' lang='grc' dir='ltr'><em>σε</em></span> <span class='ocrx_word' id='word_1_233' title='bbox 940 3674 997 3736; x_wconf 84' lang='grc' dir='ltr'><em>καὶ</em></span> <span class='ocrx_word' id='word_1_234' title='bbox 1018 3665 1102 3746; x_wconf 87' lang='grc' dir='ltr'><em>θεός</em></span> <span class='ocrx_word' id='word_1_235' title='bbox 1123 3666 1233 3748; x_wconf 81' lang='grc' dir='ltr'><em>αὐτός.</em></span> 
     </span>
     <span class='ocr_line' id='line_1_32' title="bbox 326 3767 1233 3863; baseline 0.007 -33"><span class='ocrx_word' id='word_1_236' title='bbox 326 3767 496 3854; x_wconf 82' lang='grc' dir='ltr'><em>Σειρῆνας</em></span> <span class='ocrx_word' id='word_1_237' title='bbox 516 3773 577 3854; x_wconf 79' lang='grc' dir='ltr'><em>μὲν</em></span> <span class='ocrx_word' id='word_1_238' title='bbox 598 3773 728 3858; x_wconf 81' lang='grc' dir='ltr'><em>πρῶτον</em></span> <span class='ocrx_word' id='word_1_239' title='bbox 750 3771 900 3863; x_wconf 83' lang='grc' dir='ltr'><em>ἀφίξεαι,</em></span> <span class='ocrx_word' id='word_1_240' title='bbox 923 3778 962 3837; x_wconf 88' lang='grc' dir='ltr'><em>αί</em></span> <span class='ocrx_word' id='word_1_241' title='bbox 981 3769 1027 3859; x_wconf 75' lang='grc' dir='ltr'><em>βά</em></span> <span class='ocrx_word' id='word_1_242' title='bbox 1048 3797 1082 3838; x_wconf 92' lang='grc' dir='ltr'><em>τε</em></span> <span class='ocrx_word' id='word_1_243' title='bbox 1104 3769 1233 3849; x_wconf 80' lang='grc' dir='ltr'><em>πάντας</em></span> 
     </span>
     <span class='ocr_line' id='line_1_33' title="bbox 275 3867 1231 3964; baseline 0.002 -28"><span class='ocrx_word' id='word_1_244' title='bbox 275 3885 309 3936; x_wconf 86' lang='grc'><em>40</em></span> <span class='ocrx_word' id='word_1_245' title='bbox 327 3867 528 3956; x_wconf 80' lang='grc' dir='ltr'><em>ἀνθρώπους</em></span> <span class='ocrx_word' id='word_1_246' title='bbox 550 3875 742 3958; x_wconf 85' lang='grc' dir='ltr'><em>θέλγουσιν,</em></span> <span class='ocrx_word' id='word_1_247' title='bbox 769 3871 789 3938; x_wconf 91' lang='grc' dir='ltr'><em>ό</em></span> <span class='ocrx_word' id='word_1_248' title='bbox 811 3879 862 3952; x_wconf 88' lang='grc' dir='ltr'><em>τίς</em></span> <span class='ocrx_word' id='word_1_249' title='bbox 883 3898 989 3962; x_wconf 87' lang='grc' dir='ltr'><em>σφεας</em></span> <span class='ocrx_word' id='word_1_250' title='bbox 1010 3879 1231 3964; x_wconf 77' lang='grc' dir='ltr'><em>εἰσαφίκηται.</em></span> 
     </span>
     <span class='ocr_line' id='line_1_34' title="bbox 328 3965 1133 4068; baseline 0.01 -34"><span class='ocrx_word' id='word_1_251' title='bbox 328 3965 366 4046; x_wconf 87' lang='grc' dir='ltr'><em>ὅς</em></span> <span class='ocrx_word' id='word_1_252' title='bbox 389 3996 437 4047; x_wconf 86' lang='grc' dir='ltr'><em>τις</em></span> <span class='ocrx_word' id='word_1_253' title='bbox 460 3972 583 4064; x_wconf 73' lang='grc' dir='ltr'><em>ἀιδρείῃ</em></span> <span class='ocrx_word' id='word_1_254' title='bbox 605 3971 728 4065; x_wconf 78' lang='grc' dir='ltr'><em>πελώση</em></span> <span class='ocrx_word' id='word_1_255' title='bbox 749 3979 804 4042; x_wconf 81' lang='grc' dir='ltr'><em>καὶ</em></span> <span class='ocrx_word' id='word_1_256' title='bbox 827 3973 988 4068; x_wconf 88' lang='grc' dir='ltr'><em>φθόγγον</em></span> <span class='ocrx_word' id='word_1_257' title='bbox 1009 3976 1133 4068; x_wconf 70' lang='grc' dir='ltr'><em>ἀκούσῃ</em></span> 
     </span>
     <span class='ocr_line' id='line_1_35' title="bbox 327 4069 1170 4162; baseline 0.011 -26"><span class='ocrx_word' id='word_1_258' title='bbox 327 4069 515 4162; x_wconf 87' lang='grc' dir='ltr'><em>Σειρήνων,</em></span> <span class='ocrx_word' id='word_1_259' title='bbox 537 4079 584 4161; x_wconf 78' lang='grc' dir='ltr'><em>τῷ</em></span> <span class='ocrx_word' id='word_1_260' title='bbox 605 4075 636 4142; x_wconf 91' lang='grc' dir='ltr'><em>δ’</em></span> <span class='ocrx_word' id='word_1_261' title='bbox 651 4072 691 4143; x_wconf 89' lang='grc' dir='ltr'><em>ού</em></span> <span class='ocrx_word' id='word_1_262' title='bbox 711 4101 743 4142; x_wconf 90' lang='grc' dir='ltr'><em>τι</em></span> <span class='ocrx_word' id='word_1_263' title='bbox 764 4072 848 4162; x_wconf 87' lang='grc' dir='ltr'><em>γυνή</em></span> <span class='ocrx_word' id='word_1_264' title='bbox 869 4082 926 4146; x_wconf 81' lang='grc' dir='ltr'><em>καὶ</em></span> <span class='ocrx_word' id='word_1_265' title='bbox 947 4079 1051 4161; x_wconf 88' lang='grc' dir='ltr'><em>νήπια</em></span> <span class='ocrx_word' id='word_1_266' title='bbox 1071 4085 1170 4146; x_wconf 82' lang='grc' dir='ltr'><em>τέκνα</em></span> 
     </span>
    </p>
   </div>
   <div class='ocr_carea' id='block_1_3' title="bbox 0 0 1656 4917">
    <p class='ocr_par' dir='ltr' id='par_1_3' title="bbox 0 0 1656 4917">
     <span class='ocr_line' id='line_1_36' title="bbox 0 0 1656 4917; baseline 0 0"><span class='ocrx_word' id='word_1_267' title='bbox 0 0 1656 4917; x_wconf 95' lang='lat' dir='ltr'><em> </em></span> 
     </span>
    </p>
   </div>
  </div>
 </body>
</html>
