3259 4917
369 524 374 533 ⁸
493 608 498 618 .
620 562 860 618 numm
887 562 910 615 ο

183 724 206 787 λ
234 718 327 814 τάων
348 725 483 809 μέντοι
505 714 587 807 ἐγοίν
609 715 791 807 ἐπιόψομαι
813 715 835 800 ἥ
858 742 907 796 τις
928 717 1057 806 ἀρίστη,

162 838 216 889 295
237 817 308 892 ὦκα
331 824 361 891 δ’
378 826 637 915 ἐφοπλίσσαντες
658 819 820 907 ἐνήσομεν
841 821 926 908 εὐρέι
947 819 1089 905 πόντῳ.»

282 926 327 1008 ὣς
349 926 428 1020 φάτ’
446 928 612 1009 Ἀθηναίη
634 923 736 1014 κούρη
759 920 853 1004 Διόςὲ
875 923 946 993 οὐδ’
966 921 1018 1014 ἀρ’
1038 926 1086 991 έτι
1107 922 1169 1006 δήν

242 1036 435 1118 Τηλέμαχος
455 1035 671 1119 παρέμιμνεν,
697 1031 877 1098 samson]
897 1033 1008 1097 ἔκλυεν
1028 1025 1143 1109 αὐδήν.

235 1138 283 1221 βῆ
306 1134 337 1201 δ’
352 1134 463 1220 ίμεναι
481 1128 565 1222 πρὸς
587 1135 702 1217 δῶμα,
723 1134 825 1223 φίλον
844 1136 1031 1217 τετιημένος
1051 1124 1144 1217 ἦτορ,

238 1232 311 1326 εὗρε
333 1237 362 1303 δ’
378 1233 445 1325 ἀρα
467 1237 660 1324 μνηστῆρας
681 1231 851 1323 ἀγήνορας
871 1242 908 1303 ἐν
927 1233 1130 1322 μεγάροισιν,

166 1355 219 1407 300
238 1340 338 1427 αἶγας
358 1340 548 1425 ἀνιεμένους
570 1336 703 1416 σιάλους
724 1338 765 1404 θ’
784 1336 922 1417 εὕοντας
941 1346 978 1407 ἐν
999 1338 1091 1431 αὐλῇ.

236 1446 404 1522 Ἀντίνοος
425 1442 456 1509 δ’
473 1438 553 1520 λθὺς
574 1439 717 1529 γελάσας
737 1445 786 1509 κίε
815 1440 1030 1529 Ίηλεμάχοιο,

238 1552 274 1615 ἐν
295 1548 324 1613 τ’
344 1544 410 1636 ἀρα
433 1552 465 1615 οἱ
488 1549 535 1639 φῦ
554 1550 655 1633 χειρί,
678 1549 754 1625 ίπος
776 1547 809 1614 τ’
826 1546 935 1638 ἔφατ’,
948 1551 993 1613 ,έκ
1013 1546 1045 1613 τ’
1064 1543 1234 1631 ὀνόμαζεν.

245 1685 260 1743 ο
273 1650 436 1738 Τηλέμαχ’
455 1647 626 1742 ὑψαγόρη,
647 1655 746 1736 μένος
767 1646 897 1737 άοχετε,
918 1650 966 1737 μή
986 1656 1020 1717 τί
1040 1675 1093 1719 τοι
1114 1646 1197 1718 ἀλλο

238 1762 275 1821 ἐν
297 1752 463 1836 στήθεσσι
484 1749 587 1819 κακὸν
609 1757 730 1839 μελέτω
753 1757 850 1843 ἔργον
870 1779 905 1827 τε
918 1758 1006 1832 ’έπος
1027 1778 1070 1834 τε,

168 1877 219 1929 305
239 1854 328 1923 ἀλλά
349 1882 408 1944 μοι
429 1860 585 1944 ἐσθιέμεν
606 1860 663 1923 καὶ
683 1862 818 1945 πινέμεν
840 1858 884 1935 ὡς
904 1854 944 1925 τί
965 1855 1073 1943 πάρος
1093 1880 1163 1946 περ.

237 1964 345 2028 ταῦτα
368 1964 403 2026 δέ
424 1985 477 2027 τοι
497 1958 591 2046 μάλα
611 1956 722 2027 πάντα
743 1958 991 2042 τελευτήσουσιν
1010 1962 1144 2049 Ἀχαιοί,

238 2070 306 2147 νῆα
328 2069 385 2131 καὶ
407 2063 554 2144 ἐξαίτους
576 2069 702 2152 ἐρέτας,
726 2069 783 2132 ίνα
804 2056 943 2134 θᾶσσον
966 2071 1058 2147 ἵκηαι
1091 2069 1094 2081 “
1141 2097 1143 2100 ·

240 2176 273 2247 ἐς
296 2166 414 2234 Πύλον
436 2166 589 2253 ἠγαθέην
610 2166 680 2253 μετ’
700 2164 829 2253 ἀγαυοῦ
853 2165 979 2259 πατρὸς
999 2166 1155 2251 ἀκουήν.»

284 2268 345 2339 τὸν
368 2268 397 2337 δ’
413 2263 456 2337 αὖ
483 2273 675 2355 Τηλέμαχος
696 2275 900 2355 πεπνυμένος
920 2271 1038 2339 ἀντίου
1059 2268 1145 2351 ηίίὸα

168 2395 222 2446 310
247 2373 417 2454 «Ἀντίνο’,
441 2367 480 2439 οὔ
502 2396 572 2451 πως
592 2376 680 2439 ἐστιν
701 2371 935 2463 ὑπερφιάλοισι
953 2373 1130 2459 μεθ’·ὑμῖυ

240 2480 427 2547 δαίνυσθαί
448 2474 478 2542 τ’
497 2475 639 2543 ἀκέοντα
660 2478 717 2542 καὶ
738 2475 983 2565 εὐφραίνεσθαι
1003 2480 1128 2559 ἕκηλον.

239 2576 262 2665 ἦ
286 2582 344 2668 οὑχ
367 2576 440 2659 ἀλις
461 2579 505 2659 ὡς
525 2577 565 2659 τὸ
587 2577 755 2671 πάροιθεν
776 2584 912 2669 ἐκείρετε
933 2578 1042 2649 πολλά
1062 2585 1119 2649 καὶ
1140 2581 1273 2649 ἐσθλά,

239 2683 376 2769 κτήματ’
397 2680 476 2770 ἐμά,
498 2677 781 2770 μνηστήρες,’ἐγιὺ
804 2683 834 2751 δ’
850 2689 898 2751 ἔτι
911 2682 1034 2767 ,νήπιος
1054 2677 1118 2770 ήα,·

239 2792 301 2857 νῦν
323 2786 354 2854 δ’
369 2783 423 2854 ὅτε
445 2784 487 2883 δή
508 2792 610 2873 μέγας
632 2790 712 2873 εἰμί,
733 2790 791 2854 καὶ
812 2782 923 2855 ἀλλων
943 2792 1059 2874 μῦθον
1072 2789 1208 2857 ’ἀκούων

168 2914 221 2965 315
240 2888 473 2977 πυνθάνομαι,
495 2894 552 2957 καὶ
574 2888 615 2973 δή
637 2916 695 2977 μοι
716 2891 846 2971 ἀέξεται
866 2894 987 2959 ένὺοθι
1006 2890 1128 2979 θυμός,

132 2988 138 2996 “
240 2992 384 3084 πειρήσω
407 2990 450 3071 ὥς
471 2993 501 3061 κ’
519 2990 602 3080 ι’ίμμι
623 2990 727 3073 κακάς
749 2998 803 3061 ἐπὶ
825 2997 929 3082 κῆρας
950 2992 1040 3077 λήλω,

240 3098 278 3181 ήέ
300 3094 448 3164 Πύλονδ’
467 3093 579 3163 ἐλθών
600 3092 623 3177 ή
644 3098 747 3174 αὐτοῦ
767 3097 844 3183 τῷδ’
864 3101 913 3164 ἐνὶ
934 3094 1037 3181 δήμῳ.

241 3200 305 3287 εἶμι
326 3204 387 3285 μέν
409 3198 539 3268 -101‘13’
558 3198 636 3280 ἀλέη
658 3197 736 3278 ὁδὸς
757 3204 887 3267 ἔσσεται
907 3194 952 3279 ἢν
971 3197 1118 3287 ἀγορεύω
1140 3240 1177 3252 -

240 3308 398 3392 ἔμπορος·
421 3302 461 3371 οὐ
482 3299 556 3393 γάρ.
569 3299 650 3385 νηὸς
671 3301 837 3387 ἐπήβολος
858 3292 926 3371 οὐδ’
946 3300 1089 3389 ἐρετάων

168 3426 223 3480 320
239 3410 410 3495 γίγνομαι·
433 3403 477 3484 ὥς
497 3404 537 3475 νύ
557 3432 623 3475 που
642 3402 745 3495 ὑμμιυ
766 3412 895 3477 ἐείσατο
916 3410 1046 3495 κέρδιον
1066 3406 1180 3475 εἶναι.»

285 3503 308 3592 ἦ
329 3512 388 3597 ῥα,
409 3514 466 3577 καὶ
488 3517 523 3577 ἐκ
543 3508 650 3599 χειρὸς
668 3523 765 3601 χεῖρα
786 3510 929 3583 σπάσατ’
947 3508 1136 3579 Ἀντινόοιο.

242 3619 276 3681 οἱ
297 3612 327 3680 δ’
347 3612 547 3697 ἐπελώβευον
569 3618 625 3684 καὶ
647 3612 839 3703 ἐκερτόμεον
860 3618 1016 3680 ἐπέεσσιν.

240 3710 302 3785 ὦδε
325 3721 359 3784 δέ
382 3742 432 3794 τις
453 3715 577 3783 εἴπεσκε
598 3723 681 3784 νέωυ
701 3712 994 3803 ὑπερηνορεόντων.

167 3839 222 3891 325
247 3811 291 3902 «ἦ
312 3817 404 3907 μάλα
433 3823 624 3906 Τηλέμαχος
646 3817 753 3917 φόνον
775 3819 855 3908 ἡμῖν
875 3818 1072 3908 μερμηρίζει.

241 3920 263 4005 ή
283 3948 377 4002 τινας
398 3930 435 3989 ἐκ
456 3920 878 4011 Πύλουάξειάμάντορας
896 3919 1117 4009 ἠμαθόεντος,

276 4152 328 4206 322
347 4156 415 4224 ῥεῖα·
431 4150 576 4225 ’μνηστῆρες
594 4154 622 4207 δέ
640 4146 722 4221 ἀόμον
739 4145 807 4204 κάτα
825 4151 905 4205 δαῖτα
921 4155 1038 4208 πέτοντο.
