3259 4917
577 578 581 593 ¹
622 555 860 611 ΟΔΥΣΣΕΙΑΣ
891 558 918 610 Ν

191 712 231 777 13
288 706 339 789 δίς
353 706 451 777 είπάν
472 709 552 807 ὑπὲρ
576 708 675 780 ὀὐδόν
699 708 836 796 ἐβήσετο
859 698 931 799 δῖος
949 702 1130 787 Ὀδυσσεύς.

244 816 290 901 τῷ
313 816 344 881 δ’
360 811 432 899 άμα
455 812 576 901 κήρυκα
597 819 704 902 προίει
725 820 824 899 μένος
843 812 1048 894 Ἀλκινόοιο,·“

192 936 225 986 65
243 918 401 1003 ἡγεῖσθαι
427 916 478 983 ἐπὶ
500 919 566 997 νῆα
589 912 681 997 θοήν
702 921 758 983 καὶ
780 923 867 985 θῖνα
888 916 1078 998 θαλάσσης.

193 1083 198 1091 .
241 1018 360 1108 Ἀρήτη
384 1022 415 1085 δ’
434 1016 556 1107 ἀρα-ολ
579 1017 691 1105 δμῳάς
712 1018 773 1106 ἀμ’
791 1026 911 1108 ἐπεμπε
933 1035 1098 1108 γυναῖκας,

242 1122 303 1207 τήν
325 1128 389 1210 μὲν
408 1128 516 1214 φᾶρος
539 1128 678 1209 έχουσαν
700 1115 851 1201 ἐϋπλυνὲς
874 1125 929 1205 ήδέ
948 1128 1080 1211 χιτῶνα,

242 1222 304 1309 τήν
326 1229 360 1293 δ’
377 1233 489 1314 ἑτέρην
508 1222 612 1312 χηλὸν
633 1224 770 1307 πυκινήν
792 1225 853 1313 ἀμ’
872 1223 998 1296 ὄπασσε
1019 1227 1176 1311 κομίζειν·

243 1330 265 1412 ή
289 1332 320 1397 δ’
340 1326 423 1411 άλλη
447 1328 540 1397 σῖτόν
561 1331 593 1395 τ’
612 1333 726 1419 έφερεν
748 1334 804 1395 καὶ
827 1330 918 1397 οἶνον
940 1327 1096 1419 ἐρυθρόν.

191 1457 225 1507 70
245 1430 350 1519 αὐτάρ
373 1436 442 1499 ἐπεί
463 1432 494 1519 ῥ’
515 1436 566 1498 ἐπὶ
588 1436 655 1513 νῆα
676 1430 871 1513 κατήλυθον
894 1432 950 1515 ήδέ
972 1431 1165 1510 θάλασσαν,
1194 1517 1196 1525 A

244 1538 333 1629 αἶψα
354 1534 396 1603 τά
418 1535 453 1620 γ”
470 1544 512 1601 ἐν
526 1541 581 1617 νηὶ
602 1539 755 1627 γλαφυρῇ
776 1540 927 1621 πομπῆες
948 1536 1070 1621 ἀγαυοί

243 1636 415 1726 δεξάμενοι
436 1642 633 1719 κατέθεντο,
656 1636 756 1706 πόσιν
777 1644 834 1705 καὶ
854 1644 979 1727 βρῶσιν
1001 1636 1153 1728 άπασανζ

145 1777 147 1781 ·
243 1740 304 1810 κάδ
328 1743 357 1809 δ’
378 1738 431 1829 ἀρ’
448 1741 604 1824 Ὀδυσσῆι
627 1742 788 1830 στόρεσαν
811 1742 913 1829 ῥῆγός
933 1768 968 1809 τε
992 1747 1084 1809 λίνον
1105 1767 1140 1807 τε

242 1842 322 1927 νηός
344 1845 393 1912 ἐπ’
413 1842 557 1937 ίκριόφιν
579 1837 765 1935 γλαφυρῆς,
793 1852 850 1913 ίνα
871 1846 1028 1931 νήγρετον
1051 1841 1147 1923 εὕδοι,

191 1964 224 2014 75
241 1947 399 2036 πρύμνης.
428 1945 471 2015 ἀν
493 1952 527 2015 δὲ
549 1953 604 2014 καὶ
629 1945 728 2027 αὐτὸς
750 1946 888 2033 ἐβήσετο
907 1953 967 2015 καὶ
988 1950 1161 2014 κατέλεκτο

244 2056 333 2141 σιγῇ·
355 2056 410 2118 τοὶ1
430 2054 464 2118 δὲ
487 2054 630 2132 καθῖζον
652 2056 705 2118 ἐπὶ
726 2057 855 2133 κληῖσιν
877 2060 1021 2121 ἕκαστον

241 2152 369 2240 κόσμῳ,
391 2164 514 2239 πεῖσμα
537 2154 566 2221 δ’
587 2158 706 2222 ’έλυσαν
728 2152 795 2221 ἀπό
818 2165 952 2242 τρητοῖο
975 2152 1118 2220 λίθοιο(

243 2257 318 2324 ἔνθ’
337 2262 369 2323 οἱ
392 2256 648 2334 ἀνακλινθέντες
669 2256 886 2345 ἀνερρίπτουν
907 2255 975 2321 άλα
995 2256 1098 2338 πηδῷ,

242 2366 297 2428 καὶ
319 2365 366 2445 τῷ
387 2358 532 2442 νήδυμος
553 2358 654 2447 ὕπνος
677 2362 727 2424 ἐπὶ
750 2357 968 2450 βλεφάροισιν
990 2363 1128 2436 ἐπιπτεν,

190 2484 224 2536 80
242 2462 396 2550 νήγρετος
422 2457 567 2542 ἥδιστος,
590 2458 732 2546 θανάτῳ
754 2457 893 2548 ἄγχιστα
915 2458 1034 2538 ἐοικώς.

243 2567 264 2649 ή
288 2568 324 2647 δ’,
350 2563 394 2644 άς
416 2563 445 2631 τ’
465 2571 499 2631 ἐν
518 2567 621 2649 πεδίῳ
644 2563 815 2655 τετράοροι
838 2560 971 2652 άρσενες
993 2569 1096 2642 ἵπποι,
1151 2594 1156 2599 ·

242 2669 361 2747 πάντες
383 2662 443 2754 ἀμ’
463 2666 668 2759 ὁρμηθέντες
689 2664 754 2736 ὑπό
774 2671 935 2757 πληγῇσιν
956 2664 1137 2753 ἱμάσθλης,
1171 2717 1173 2723 .

242 2769 344 2864 ὑψόσ’
364 2769 550 2860 ἀειρόμενοι
571 2775 681 2863 ῥίμφα
707 2771 893 2861 πρήσσουσι
914 2774 1082 2847 κέλευθον,

244 2872 287 2953 ὣς
310 2873 376 2962 ἀρα
397 2879 457 2956 τῆς
479 2872 609 2959 πρύμνη
631 2878 691 2959 μέν
713 2873 857 2960 ἀείρετο,
879 2879 966 2961 κῦμα
988 2873 1018 2940 δ’
1037 2869 1201 2939 όπισθεν·
1234 2899 1238 2904 ·

191 2996 226 3047 85
244 2974 433 3069 πορφύρεον
454 2984 539 3063 μέγα
561 2980 626 3043 θῦε
649 2980 912 3065 πολυφλοίσβοιο
935 2974 1124 3054 θαλάσσης.

244 3080 265 3163 ή
289 3084 323 3147 δέ
346 3078 424 3165 μάλ’
445 3080 621 3170 ἀσφαλέως
643 3082 725 3143 θέεν
747 3082 903 3162 ἐμπεδον·
926 3078 1000 3143 οὐδέ
1022 3099 1078 3141 κεν
1099 3074 1173 3163 ίρηξ

243 3189 353 3272 κίρκος
375 3180 590 3273 ὁμαρτήσειεν
614 3178 840 3275 ἐλαφρότατος
861 3183 1033 3261 πετεηνῶν.

244 3284 287 3365 ὣς
309 3286 329 3369 ἡ
353 3272 462 3378 ῥίμφα
485 3290 621 3353 θέουσα
638 3281 820 3363 θαλάσσης
840 3280 957 3368 κύματ’
979 3287 1124 3369 ἐταμνεν,

245 3386 351 3480 ἀνδρα
374 3397 522 3481 φέρουσα
544 3393 641 3477 θεοῖς
662 3392 830 3473 ἐναλίγκια
850 3385 943 3473 μήδε’
956 3392 1089 3481 έχοντα,

192 3508 226 3560 90
245 3488 282 3569 ὃς
304 3497 382 3578 πρὶν
404 3498 463 3580 μὲν
485 3492 576 3579 μάλα
598 3488 706 3559 πολλά
727 3489 939 3576 πάθ’,άλγεα
961 3488 1001 3557 δν
1023 3484 1110 3555 κατά
1130 3484 1254 3572 θυμόν,

244 3594 373 3679 ἀνδρῶν
394 3620 428 3661 τε
445 3600 632 3680 ,πτολέμους
655 3592 805 3677 ἀλεγεινά
828 3618 862 3658 τε
884 3591 1015 3677 κύματα
1035 3593 1164 3675 πείρων,

244 3691 285 3778 δή
308 3693 381 3761 τότε
404 3696 435 3781 γ’
455 3696 599 3782 ἀτρέμας
621 3687 707 3771 εὗδε,
729 3698 930 3778 λελασμένος
951 3690 1024 3758 ὅσσ’
1043 3688 1231 3756 ἐπεπόνθει.
1264 3716 1267 3724 ·

288 3792 352 3867 εὖτ’
372 3795 477 3884 ἀστήρ
500 3797 652 3886 ὑπερέσχε
674 3794 883 3887 φαάντατος,
907 3788 1001 3873 ὅς’τε
1022 3790 1168 3880 μάλιστα

246 3908 372 3990 έρχεται
393 3902 560 3987 ἀγγέλλων
582 3897 670 3989 φάος
692 3898 772 3980 ήοῦς
793 3898 982 3986 ἠριγενείης,

193 4022 227 4073 95
245 4011 348 4092 τῆμος
371 4002 411 4087 δή
434 4003 524 4089 νήσῳ
546 4005 787 4091 προσεπίλνατο
809 3999 1015 4090 ποντοπόρος
1035 4004 1120 4079 νηῦς.

250 4108 420 4199 Φόρκυνος
442 4112 476 4175 δέ
499 4134 548 4186 τις
571 4110 638 4174 ἐστι
660 4102 772 4192 λιμήν,
795 4104 904 4173 άλίοιο
926 4112 1087 4195 γέροντος,

1038 4214 1069 4264 13
1084 4209 1098 4238 ¹*
