3259 4917
344 578 379 631 18
726 573 965 629 ΟΔΥΣΣΕΙΑΣ
992 578 1014 628 Α

299 735 315 800 1
344 736 468 824 κτείνῃς
490 730 527 812 ἠὲ
550 725 636 816 δόλῳ
658 726 680 811 ἢ
702 726 872 822 ἀμφαδόν.
900 727 977 796 οάδέ
998 732 1030 795 τί
1053 751 1089 797 σε
1109 726 1174 817 χρή

345 832 489 916 νηπιάας
511 832 628 920 ὀχέειν,
650 837 719 899 ἐπεὶ
741 832 848 900 οὐκέτι
868 833 1006 914 τηλίκος,
1022 836 1103 900 ἐσσί.

348 931 369 1020 ἦ
390 938 449 1019 οὐκ
471 936 553 1015 ἀίεις
574 934 647 1005 οἷον
669 940 762 1015 κλέος
783 938 901 1022 ἔλλαβε
924 938 998 1015 δῖος·
1012 935 1167 1025 Ὀρέστης

345 1039 472 1119 πάντας
495 1028 548 1107 έπἸ
564 1036 778 1127 ἀνθρώπους,
802 1042 872 1105 ἐπεὶ
893 1042 1006 1106 έκτανε
1026 1042 1259 1130 πατροφονῆα,

278 1152 329 1203 300
347 1144 518 1230 Αίχισθον
541 1139 732 1229 δολόμητιν,
755 1140 774 1209 ό
798 1148 830 1208 οἱ
852 1148 980 1232 πατέρα
1001 1138 1119 1210 κλυτόν
1140 1147 1235 1227 έκτας
1289 1204 1293 1212 ,

346 1252 401 1315 καὶ
424 1243 472 1327 σύ,
495 1250 601 1337 φίλος,
617 1285 648 1299 -
665 1243 757 1331 μάλα
778 1241 845 1332 γάρ
867 1244 898 1313 σ’
915 1243 1003 1333 ὁρόω
1020 1243 1124 1312 καλόν
1138 1270 1173 1313 τε
1186 1252 1293 1334 μέγαν
1307 1271 1343 1312 τε
1356 1286 1391 1297 ·-

346 1346 482 1436 ἀλκιμος
503 1348 584 1429 έσσ’,
607 1353 663 1414 ἵνα
684 1351 736 1426 τίς
757 1369 793 1414 σε
815 1352 872 1415 καὶ
894 1346 1064 1435 ὀψιγόνων
1086 1340 1123 1416 εὖ
1145 1348 1225 1441 ε’ίπη.

347 1449 452 1540 αὐτάρ
474 1449 557 1539 ἐμῶν
577 1455 632 1517 ἐπὶ
652 1452 724 1532 νῆα.
741 1446 834 1531 θοήν
854 1450 1092 1539 κατελεύσομαι
1111 1449 1176 1534 ήδη

346 1555 397 1638 ἠδ’
416 1552 566 1643 ἑτάρους,
589 1559 625 1621 οί
643 1551 708 1620 πού
730 1578 770 1640 με
791 1550 871 1639 μάλ’
891 1547 1082 1642 ἀσχαλόωσι
1103 1561 1270 1641 μένοντες·

278 1671 329 1721 305
348 1662 402 1725 σοὶ
425 1658 453 1724 δ’
471 1656 560 1742 αὐτῷ
580 1660 718 1743 μελέτω,
739 1660 795 1723 καὶ
817 1659 905 1743 ἐμῶν
926 1655 1067 1743 ἐμπάζεο
1089 1656 1243 1747 μύθων.»

390 1758 452 1841 τῆν
475 1762 503 1827 δ’
520 1751 564 1828 αὖ
591 1762 781 1847 Τηλέμαχος
802 1766 1006 1847 πεπνυμένος
1027 1760 1143 1829 ἀντίον
1164 1762 1251 1844 ηὔδα

354 1862 465 1945 «ξεῖν’,
486 1858 561 1945 ῆτοι
581 1868 641 1950 μέν
662 1866 768 1931 ταῦτα
791 1866 876 1955 φίλα
898 1868 1049 1956 φρονέων
1070 1863 1243 1955 ἀγορεύεις,

347 1967 391 2045 ὥς
413 1993 446 2035 τε
467 1962 576 2054 πατὴρ
599 1959 626 2053 ᾦ
646 1970 834 2048 nasama&
856 1962 898 2035 οά
916 1991 996 2035 ποτε
1018 1965 1165 2056 λήσομαι
1186 1967 1303 2038 αὐτῶν.

347 2070 416 2139 ἀλλ’
438 2065 498 2156 ἀχε
519 2071 581 2136 νῦν
603 2072 768 2156 ἐπίμεινον
790 2068 1006 2157 ἐπειγόμενός
1018 2096 1079 2160 περ
1101 2072 1205 2154 ὁδοῖο,

278 2190 330 2241 310
347 2170 439 2265 ὄφρα
461 2169 680 2260 λοεσσάμενός
701 2196 735 2241 τε
757 2172 1001 2262 τεταρπόμενός
1021 2200 1056 2243 τε
1078 2180 1179 2267 φίλον
1199 2179 1270 2263 κῆρ,

347 2282 453 2367 δῶρον
475 2281 555 2365 έχων
577 2280 630 2343 ἐπὶ
652 2280 718 2359 νῆα
740 2281 824 2370 κίῃς,
843 2282 972 2368 χαίρων
993 2282 1041 2345 ὲνὶ
1062 2282 1173 2365 θυμῷ,

345 2384 473 2468 τιμῆεν,
495 2378 586 2468 μάλα
608 2377 726 2461 καλόν,
750 2378 768 2448 ὅ
790 2406 844 2447 τοι
864 2378 1032 2469 κειμήλιον
1053 2388 1147 2451 ’έσται
1176 2448 1185 2463 ,,

347 2485 380 2565 ἐξ
402 2488 491 2569 ἐμεῦ,
514 2478 570 2549 οἷα
592 2487 686 2574 φίλοι
707 2484 807 2564 ξεῖνοι
829 2485 964 2567 ξείνοισι
985 2481 1162 2553 διδοῦσα.»

390 2583 449 2653 τὸν
471 2584 501 2651 δ’
516 2583 657 2671 ἠμείβετ’
679 2585 880 2655 έπειταθεά
902 2591 1085 2673 γλαυκῶπις
1103 2584 1233 2668 Ἀθήνη

278 2707 328 2759 315
354 2686 421 2775 «μή
443 2686 476 2775 μ’
496 2691 543 2753 έτι
564 2693 624 2755 νῦν
646 2696 798 2781 κατέρυκε
821 2687 1029 2778 λιλαιόμενόν
1050 2714 1111 2775 περ
1133 2687 1235 2756 ὁδοῖο.

347 2794 453 2880 δῶρον
476 2786 541 2856 δ’δ’
564 2795 615 2857 ττί
635 2798 670 2859 κέ
691 2818 750 2879 μοι
772 2797 888 2862 δοῦναι
910 2796 1010 2887 φίλον
1031 2785 1114 2879 ἦτορ
1136 2789 1254 2885 ἀνάγῃ,

347 2887 439 2972 αὖτις
460 2893 665 2981 ἀνερχομένῳ
687 2894 825 2984 δόμεναι
845 2894 972 2964 οἶκόνδε
994 2899 1171 2989 φέρεσθαι,

346 3003 403 3066 καὶ
423 2996 515 3083 μάλα
537 2994 639 3066 καλὸν
661 2998 758 3067 ἑλών·
781 3004 836 3067 σοί
859 2999 887 3067 δ’
903 2997 998 3081 ἀξιον
1019 3004 1113 3069 έσται
1134 2997 1308 3086 ἀμοιβῆς.»

390 3102 412 3185 ῆ
434 3106 494 3190 μὲν
516 3098 570 3187 ἀρ’
589 3098 633 3181 ῶς
655 3103 777 3171 είποῦσ’
795 3103 905 3190 ἀπέβη
926 3106 1109 3189 γλαυκῶπις
1128 3102 1267 3188 Ἀθήνη,

277 3224 329 3276 320
348 3201 437 3295 όρυις
459 3207 487 3273 δ’
504 3202 547 3284 ἀς
568 3205 716 3275 ἀνοπαῖα
739 3211 910 3275 διέπτατο·
933 3209 981 3293 τῆ
1002 3207 1030 3274 δ’
1048 3211 1097 3275 ἑνὶ
1117 3212 1221 3296 θυμῷ

294 3354 298 3361 -
347 3313 434 3391 θῆκε
456 3314 553 3395 μένος
575 3314 631 3377 καὶ
651 3308 800 3399 θάρσος,
825 3308 1009 3399 ὑπέμνησέν
1030 3317 1065 3378 τέ
1086 3309 1250 3400 έπατρός

345 3414 474 3499 μάλλον
497 3412 541 3478 ἴτ’
560 3410 582 3495 ῆ
603 3409 641 3481 τό
664 3411 842 3502 πάροιθεν.
872 3413 948 3494 ὅδὲ
971 3418 1089 3506 φρεσὶν
1110 3406 1166 3508 ᾖσι
1186 3414 1311 3498 νοήσας

346 3513 527 3600 θάμβησεν
548 3512 633 3583 κατά
655 3513 785 3602 θυμόν·
809 3516 926 3583 ὀίσατο
948 3512 1014 3608 γάρ
1036 3513 1123 3596 θεὸν
1145 3516 1237 3587 είναι.

346 3618 465 3685 αὐτίκα
487 3620 521 3687 δὲ
542 3625 735 3709 μνηστῆρας
756 3614 897 3707 ἐπῴχετο
919 3617 1058 3699 ίσόθεος
1080 3618 1160 3713 φάς.

278 3744 329 3796 325
390 3730 477 3788 τοῖσι
499 3722 529 3789 δ’
545 3720 659 3803 ἀοιδός
681 3718 768 3791 ἀειδε
790 3722 995 3813 περικλυτός,
1018 3729 1051 3792 οί
1073 3726 1108 3791 δί
1130 3729 1235 3816 σιωπῇ

348 3823 429 3890 εἵατ’
449 3823 633 3905 ἀκούοντες.
662 3825 733 3895 ὁδ’
748 3826 887 3913 Ἀχαιῶν
907 3824 1028 3895 νόστον
1050 3824 1158 3895 ἀειδεν

347 3924 481 4014 λυγρόν,
504 3912 544 3993 δν
567 3936 601 3995 ἐκ
630 3930 751 4019 Τροίης
773 3933 960 3998 ἐπετείλατο
982 3923 1124 4008 Παλλάς
1144 3925 1282 4010 Ἀθήνη.

347 4032 407 4096 τοῦ
429 4028 457 4097 δ’
473 4028 679 4120 ὑπερωιόθεν
702 4036 800 4124 φρεσὶ
823 4030 969 4102 σόνθετο
991 4038 1115 4101 θέσπιν
1136 4028 1255 4114 ἀοιδήν

346 4129 446 4221 κούρη
463 4132 621 4223 Ἰκαρίοιο
643 4140 812 4227 περίφρων
834 4134 1054 4218 Πηνελόπεια,
