3259 4917
348 524 384 579 ⁸4
734 525 974 582 ΟΔῩΣΣΕΙΑΣ
998 530 1020 581 Δ

300 680 321 747 4
347 671 438 758 αὖτις
460 677 547 769 ὕδωρ
570 682 686 773 έλθης,
709 681 802 774 ῥέξῃς
822 681 863 749 θ’
883 679 974 770 ίεράς
993 680 1185 769 έκειτόμβιις

348 779 555 851 ἀθανάτοισι
576 787 704 867 θεοῖσι,
726 789 779 852 τοὶ
801 782 946 870 ούρανόν
967 773 1064 874 εύράν
1085 789 1222 872 λέγουσιν.
1335 866 1340 874 ¹

277 910 330 962 εσυ
347 890 404 955 καὶ
425 884 500 954 τότε
522 912 575 957 τοι
597 885 759 956 δώσουσιν
781 884 863 955 ὁδόν
883 891 986 969 θεοί,
1002 885 1046 970 ἢν
1067 884 1109 956 σύ
1129 892 1311 976 μενοινᾷς.»

392 986 435 1069 ἀς
458 989 568 1083 ἔφατ’·
591 987 697 1081 αὐτάρ
720 995 830 1078 έμοιγε
851 988 1066 1072 κατεκλάσθη
1089 994 1193 1083 φίλον
1212 985 1305 1082 ἦτορ,

348 1090 466 1161 οὕνεκά
488 1094 520 1179 μ’
543 1085 635 1189 αὖτις
656 1090 783 1180 άνωγεν
805 1093 855 1161 ἐπ’
875 1093 1043 1181 ἠεροειδέα
1063 1092 1189 1181 πόντον

348 1194 548 1282 Ᾰίγυπτόνδ
568 1204 666 1277 ίέναι,
689 1194 824 1286 δολιχὴν
845 1195 926 1265 ὁδὸν
947 1198 1114 1286 ἀργαλέην
1135 1222 1181 1265 τε.

348 1296 432 1367 ἀλλά
455 1303 511 1367 καὶ
534 1292 578 1377 ὦς
599 1297 761 1386 μύθοισιν
784 1298 1002 1387 ἀμειβόμενος
1022 1307 1219 1390 προσέειπον
1262 1338 1267 1345 ’

277 1424 329 1476 485
355 1404 475 1471 «ταῦτα
497 1407 557 1493 μὲν
579 1400 663 1470 οὕτω
686 1401 728 1486 δὴ
750 1407 863 1484 τελέοι,
885 1409 997 1494 γέρον,
1013 1403 1063 1483 ’ἀς
1084 1401 1123 1473 σύ
1147 1402 1300 1483 κελεύεις·

348 1506 420 1573 ἀλλ’
440 1503 499 1593 άγε
521 1530 579 1593 μοι
600 1503 675 1573 τόδε
698 1510 764 1575 είιιέ
786 1511 844 1575 καί
864 1506 1022 1595 ἀτρεκέως
1042 1504 1232 1588 κατάλεξον,

347 1608 370 1692 ἢ
391 1607 511 1688 πάντες
534 1605 594 1677 σάν
614 1613 732 1691 νηυσὶν
754 1606 925 1697 ἀπήμονες
944 1603 1059 1692 ἦλθον
1077 1613 1211 1699 Ἀχαιοί,

348 1710 416 1792 οὓς.
428 1718 565 1800 Νέστωρ
587 1716 642 1780 καὶ
656 1708 727 1799 ,ίγά
749 1716 889 1800 λίπομεν
913 1716 1086 1805 Τροίηθεν
1107 1712 1220 1795 ἰόντες,

347 1809 384 1900 ἦέ
407 1842 456 1895 τις
478 1814 574 1884 ἀλετί
588 1816 720 1904 ὀλέθρῳ
742 1815 871 1885 ἀδευκέι
889 1810 931 1898 ἧς
954 1821 1008 1885 ἐπὶ
1029 1815 1109 1901 νηός

253 1944 329 1997 ,εοο
348 1921 384 2002 ἠὲ
407 1923 514 2011 φίλων
536 1926 571 1987 ἐν
591 1925 720 2009 χερσίν,
739 1925 808 1988 ἐπεὶ
831 1918 976 2011 πόλεμον
996 1919 1218 1990 τολύπευσεν.»

392 2020 435 2102 ἀς
457 2021 603 2113 ἐφάμην,
628 2022 646 2091 ὁ
669 2026 705 2089 δέ
726 2022 761 2109 μ’
781 2022 884 2097 αὐτίκ’
906 2021 1125 2110 ἀμειβόμενος
1144 2031 1335 2113 προσέειπεν

353 2129 528 2215 «Ἀτρείδη,
546 2130 582 2193 τί
603 2152 643 2213 με
665 2131 770 2194 ταῦτα
793 2128 946 2217 διείρεαις
967 2127 1043 2195 οὐδέ
1064 2132 1156 2196 τίσε
1175 2126 1240 2215 χρή

347 2234 489 2317 ἴδμεναι,
512 2228 588 2301 οὐδὲ
611 2233 733 2314 δαῆναι
754 2227 953 2317 έιιάννόον·
976 2230 1052 2299 οὐδὲ
1069 2237 1112 2305 ,σέ
1133 2256 1222 2321 φημι

347 2331 409 2416 δὴν
431 2330 596 2401 ἀκλαυτον
618 2338 774 2415 ἔσεσθαι,
794 2330 883 2416 ’ἐπὴν
904 2325 940 2403 εὖ
961 2331 1073 2401 πάντα
1093 2331 1234 2415 πύθηαι.
1257 2386 1263 2394 .

276 2456 328 2509 ίυε
347 2442 465 2505 πολλοὶ
486 2442 546 2524 μὲν
566 2430 720 2525 γάρ’τῶυ
741 2463 777 2524 γε
800 2436 918 2524 δάμεν,
939 2439 1059 2504 πολλοὶ
1082 2438 1116 2504 δὲ
1133 2440 1289 2507 λίποντο·

348 2541 444 2631 ἀρχοὶ
466 2540 495 2607 δ’
512 2530 555 2609 αὖ
578 2538 636 2607 δύο
658 2544 778 2627 μοῦνοι
796 2542 935 2627 Ἀχαιῶν
953 2538 1201 2627 χαλκοχιτώνων
1240 2604 1244 2611 .

347 2652 383 2712 έν
404 2641 511 2729 νόστῳ
533 2642 715 2739 ἀπόλοντο·
737 2641 826 2737 μάχῃ
848 2648 883 2711 δέ
904 2668 940 2710 τε
960 2647 1019 2711 καὶ
1039 2639 1080 2711 σύ
1090 2642 1276 2731 παρῆσθα.

348 2746 393 2825 εἷς
410 2746 444 2833 ,δ’
460 2752 507 2815 έτι
527 2772 593 2815 που
614 2744 695 2827 ζωὸς
716 2746 924 2831 κατερύκεται
945 2746 1031 2836 εὐρέι
1051 2746 1170 2833 πόντῳ.

348 2849 437 2928 Α’έας
456 2853 516 2935 μίν
537 2846 738 2937 μετάνηυσὶ
760 2850 850 2937 δάμη
873 2854 1162 2938 δολιχηρέτμοισιν.

278 2970 329 3023 500
346 2955 491 3043 Γυρῇσίν
512 2979 569 3040 μιν
589 2957 704 3043 πρῶτα
723 2952 925 3023 ’Ποσειδάων
945 2957 1126 3021 ἐπέλασσεν

346 3062 500 3149 πέτρῃσιν
521 3058 693 3153 μεγάλῃσι,
708 3063 772 3127 καὶ
793 3054 953 3141 ἐξεσάωσε
975 3053 1172 3138 θαλάσσης·

230 3214 239 3223 .
346 3165 404 3227 καί
424 3159 540 3231 νύ.κεν
561 3167 677 3255 ἔκφυγε
699 3165 785 3251 κῆρα
810 3165 868 3229 καὶ
889 3155 1074 3247 ἐχθόμενός
1093 3182 1155 3249 περ
1175 3154 1311 3251 Ἀθήνη,

348 3271 375 3330 εί
396 3258 442 3351 μὴ
464 3264 670 3357 ὑπερφίαλον
691 3272 768 3345 έπος
790 3267 916 3349 ἔκβαλε·
929 3262 986 3333 καί
1006 3263 1078 3350 μέγ’
1097 3259 1227 3343 ἀάσθη.

348 3371 397 3457 φῆ
419 3364 450 3454 ῥ’
469 3365 580 3449 ἀέκητι
601 3370 694 3435 θεῶν
715 3360 849 3461 φυγέειν
869 3365 955 3454 μέγα
976 3370 1101 3451 λαῖτμα
1116 3361 1310 3445 θαλάσσης.

277 3488 329 3540 505
346 3473 406 3537 τοῦ
427 3471 462 3537 δέ
483 3468 681 3539 Ποσειδάων
702 3468 816 3557 μεγάλ’
837 3473 946 3537 έκλυεν
968 3467 1190 3551 αὐδήσαντος·

347 3572 453 3642 αὐτίκ’
471 3577 582 3641 ἔπειτα
602 3578 754 3661 τρίαιναν
774 3570 857 3641 ὲλάν
875 3577 970 3661 χερσί
991 3576 1185 3667 στιβαρῇσιν

346 3672 448 3759 ἤλασε
470 3680 621 3765 Γυραίην
642 3675 779 3765 πέτρην,
805 3673 873 3747 ἀπὸ
896 3676 926 3743 δ’
946 3679 1075 3761 έσχισεν
1093 3671 1215 3755 αὐτήν·

346 3784 402 3846 καὶ
423 3777 462 3846 τὸ
483 3784 544 3866 μὲν
566 3780 693 3849 αὐτόθι
713 3792 818 3868 μεῖνε,
831 3775 878 3867 ,τό
901 3782 939 3847 δέ
957 3776 1084 3870 τρύφος
1104 3782 1222 3864 ἔμπεσε
1243 3773 1364 3862 πόντῳ,

346 3884 393 3966 τῷ
414 3881 443 3970 ῥ’
463 3882 552 3961 Ᾰίας
573 3881 611 3953 τὸ
632 3889 763 3973 πρῶτον
785 3880 980 3973 ἐφεζόμενος
1000 3880 1072 3969 μέγ’
1092 3879 1228 3961 ἀάσθη·

277 4004 329 4056 510
346 3981 405 4053 τόν
428 3984 458 4051 δ’
477 3984 589 4077 ἐφόρει
611 3984 697 4055 κατά
716 3984 841 4055 πόντον
862 3984 1023 4074 ἀπείρονα
1042 3989 1255 4071 κυμαίνοντα.

418 4166 467 4218 511
488 4160 522 4226 ἀς
540 4164 554 4219 ὁ
572 4168 618 4235 μὲν
636 4160 697 4219 ἕνθ’
710 4160 852 4233 ἀπόλωλεν,
875 4166 930 4217 ἐπεὶ
947 4168 1005 4218 πίεν
1023 4163 1140 4236 ἁλμυρὸν
1159 4160 1236 4234 ὕδωρ.
