3259 4917
347 512 401 571 288
731 512 968 570 ΟΔῩΣΣΕΙΑΣ
992 516 1020 568 Τ

296 668 337 737 19
348 664 538 736 πλειοσιν
516 696 537 750 η
560 668 729 792 έχομαι·
712 695 734 751 η
756 694 821 756 γαρ
844 671 932 749 δίκη,
955 658 1078 736 ὁππότε
1100 666 1229 767 πάτρης

348 766 389 855 ῆς
411 770 588 863 ἀπέραιν’
571 767 655 857 ανήρ
679 768 801 841 τόσσον
820 768 944 858 χρόνον
966 771 1068 839 ὅσσον
1090 765 1152 855 ἐγά
1173 774 1243 849 νῦν,

281 890 331 941 170
349 872 456 942 πολλὰ
477 878 607 962 βροτῶν
629 874 720 943 ἐπλ’
704 869 783 941 άστε
787 872 995 960 ἀλώμενος,
1017 870 1121 958 ἀλγεα
1142 869 1287 960 πάσχων.

349 972 435 1044 ἀλλά
457 982 513 1045 καὶ
535 969 578 1056 ὦς
599 958 721 1065 ἐρέω”
701 1004 719 1046 ο
742 977 777 1064 μ’
798 976 943 1064 ἀνείρεαι
962 977 1020 1057 ῆδὲ
1042 979 1216 1061 μεταλλᾷς.

353 1079 466 1168 Κρήτη
489 1106 538 1160 τις
559 1080 626 1166 γαῖ’
646 1085 727 1160 ἐστι,
749 1086 839 1166 μέσῳ
861 1084 908 1147 ἐνὶ
930 1079 1039 1147 οίνοπι
1059 1077 1179 1164 πόντῳ,

345 1180 433 1265 Ικαλή
455 1188 512 1251 καὶ
533 1189 657 1272 πίειρα,
678 1187 885 1271 περίρρυτος·
907 1190 943 1250 ἐν
965 1182 994 1249 δ’
1014 1179 1193 1270 ἀνθρωποι

349 1290 482 1367 πολλοί,
505 1286 699 1375 ἀπειρέσιοι,
720 1290 775 1355 καὶ
798 1283 977 1368 ἐννήκοντα
998 1283 1127 1364 πόληες.

281 1405 331 1457 175
349 1388 434 1472 άλλη
457 1389 486 1456 δ’
501 1387 610 1483 ἀλλων
631 1394 764 1476 γλῶσσα
785 1396 980 1476 μεμιγμένη·
1003 1396 1039 1455 ἐν
1059 1392 1119 1475 μέν
1138 1389 1272 1475 Ἀχαιοί,

350 1500 385 1561 έν
408 1493 437 1559 δ’
455 1491 659 1580 Ἐτεόκρητες
680 1489 916 1578 μεγαλήτορες,
938 1499 974 1557 ἐν
996 1493 1031 1559 δέ
1054 1489 1207 1570 Κύδωνες

349 1598 485 1682 Δωριέες
507 1619 541 1661 τε
563 1588 723 1680 τριχάικες
745 1597 813 1661 δῖοί
834 1619 869 1661 τε
892 1599 1075 1680 Πελασγοί.

349 1702 423 1789 τῆσι
444 1697 474 1763 δ’
494 1701 541 1764 ἐνὶ
563 1692 702 1774 Κνωσός
723 1695 850 1782 μεγάλη
872 1696 980 1777 πόλις,
1003 1702 1091 1765 ένθα
1112 1724 1147 1767 τε
1170 1703 1288 1776 Μίνως
1406 1779 1409 1790 Ι

351 1806 506 1889 ἐννέωρος
527 1803 679 1885 βασίλευε
702 1795 778 1878 Διὸς
799 1799 945 1885 μεγάλου
966 1800 1132 1891 ὀαριστής,

281 1919 332 1971 180
350 1903 475 1991 πατρὸς
497 1910 589 1991 ἐμοῖο
611 1892 735 1991 πατήρ,
756 1900 957 1990 μεγαθύμου
977 1909 1207 1983 Δευκαλίωνος.

349 2012 534 2078 Δευκαλίων
556 2007 585 2075 δ’
605 2011 660 2093 ἐμὲ
681 2011 767 2073 τίκτε
789 2011 846 2075 καὶ
865 2008 1039 2092 Ἰδομενῆα
1061 2005 1206 2080 ἀνακτα·

349 2108 422 2177 ἀλλ’
443 2109 462 2177 6
485 2114 545 2197 μέν
567 2116 602 2177 ἐν
623 2106 735 2193 νήεσσι
758 2113 936 2199 κορωνίσιν
946 2106 1049 2179 Ἴλιον
1071 2111 1146 2178 ε’ίσω

350 2209 452 2301 ᾤχεθ’
472 2212 530 2300 ἀμ’
547 2215 758 2307 Ἀτρείδῃσιν,
781 2218 855 2297 ἐμοὶ
876 2213 906 2281 δ’
927 2214 1035 2302 ὄνομα
1056 2208 1175 2285 κλυτόν
1194 2214 1328 2293 Λίθων,

352 2314 529 2405 ὁπλότερος
550 2322 657 2410 γενεῆ·
685 2317 703 2385 6
727 2317 756 2385 δ’
776 2313 844 2406 ἀρα
864 2314 1024 2405 πρότερος
1044 2322 1100 2385 καὶ
1121 2316 1250 2406 ἀρείων.

282 2432 332 2484 185
351 2420 425 2487 ἔνθ’
442 2419 585 2503 Ὀδυσῆα
607 2419 689 2506 έγών
711 2418 831 2508 ίδόμην
856 2425 912 2487 καὶ
933 2420 1036 2501 ξείνια
1059 2424 1157 2487 δῶκα.

350 2527 405 2591 καὶ
428 2519 492 2608 γάρ
513 2520 573 2591 τόν
594 2522 767 2611 Κρήτηνδε
788 2521 973 2610 κατήγαγεν
994 2525 1025 2602 ἐς
1046 2523 1190 2609 ἀνέμοιο,

350 2630 479 2712 ἱέμενον
507 2625 666 2713 Τροίηνδε
687 2623 957 2714 παραπλάγξασα
980 2630 1154 2695 Μαλειῶν·
1228 2693 1230 2700 .

352 2730 451 2807 στῆσε
474 2726 503 2793 δ’
523 2726 558 2793 ἐν
576 2728 732 2813 Ἀμνισῷ,
756 2726 820 2795 ὅθι
840 2754 876 2797 τε
898 2736 997 2808 σπέος
1017 2733 1218 2811 Ελλιιθυίης,

352 2836 388 2895 ἐν
409 2833 536 2915 λιμέσιν
553 2833 740 2917 χαλεποῖσι,
763 2829 860 2919 μόγις
881 2829 911 2898 δ’
928 2830 1092 2913 ὑπάλυξεν
1112 2832 1241 2911 ἀέλλας.

283 2944 334 2997 190
353 2931 470 3000 αὐτίκα
493 2932 523 2999 δ’
539 2931 712 3017 Ἰδομενῆα
733 2931 881 3019 μετάλλα
902 2930 1016 3014 ἄστυδ’
1035 2934 1205 3004 ἀνελθών·

337 3035 459 3122 ιξεῖνον
480 3034 545 3127 γάρ
563 3041 600 3103 ,οἱ
622 3039 744 3127 έφασκε
767 3041 868 3127 φίλον
889 3038 919 3107 τ’
938 3043 1014 3124 ἐμεν
1035 3037 1163 3107 αἰδοῖόν
1184 3064 1229 3108 τε.

351 3143 397 3225 τῷ
419 3139 449 3207 δ’
470 3136 533 3221 ήδη
556 3137 675 3222 δεκάτη
698 3137 720 3221 ή
741 3140 896 3223 ἑνδεκάτη
917 3146 1014 3209 πέλεν
1034 3139 1101 3222 ήιός

227 3286 236 3305 ,
352 3246 508 3328 οἰχομένῳ
532 3239 591 3309 σὺν
612 3248 708 3324 νηυσὶ
729 3243 903 3331 κορωνίσιν
918 3241 1020 3311 Ἴλιον
1041 3244 1127 3312 ε’ίσω.

350 3339 410 3408 τόν
431 3346 491 3427 μέν
513 3339 574 3427 ἐγιδ
595 3340 679 3428 πρὸς
700 3343 823 3429 δώματ’
842 3343 932 3433 ἀγων
954 3340 990 3414 εὖ
1011 3347 1182 3429 ἐξείνισσα,

282 3460 332 3513 195
351 3449 504 3523 ἐνδυκέως
526 3448 661 3534 φιλέων,
682 3449 814 3515 πολλῶν
836 3445 921 3516 κατά
943 3447 1034 3519 οἶκον
1055 3448 1190 3517 έόντων·

351 3650 505 3777 δημόθεν
527 3648 652 3743 ἀλφιτα
675 3656 764 3720 δωκα
785 3660 841 3721 καὶ
864 3602 1055 3724 αίθοπα
1020 3681 1111 3724 οινον
1132 3655 1267 3745 ἀγείρας

350 3757 405 3819 καὶ
427 3757 509 3852 βους
530 3753 746 3841 ἱρεύσασθαι,
769 3764 834 3827 ἴνα
846 3762 1032 3839 πλησαίατο
1055 3756 1179 3844 θυμόν.

350 3859 441 3921 ένθα
464 3843 606 3925 δυωδεκα
627 3863 687 3944 μέν
708 3886 732 3947 μ
734 3868 809 3927 ένον
831 3857 998 3945 ῆμαται
965 3863 1033 3934 δῖοι
1052 3862 1192 3986 Ἀχαιοί·

281 3976 333 4028 200
351 3958 427 4025 ε’ίλει
448 3955 524 4046 γάρ.
533 3963 662 4051 Βορέης
685 3957 804 4047 ἀνεμος
826 3967 942 4054 μέγας,
965 3962 1066 4029 οίιδΗ
1055 3967 1108 4029 επὶ
1129 3966 1207 4055 γαίη

350 4060 402 4130 εία
424 4065 603 4145 ἵστασθαι,
621 4062 766 4153 χαλεπός
788 4067 823 4135 δέ
845 4092 895 4144 τις
915 4062 1018 4156 ὤρορε
1040 4069 1184 4152 δαίμων·
