<?xml version="1.0" encoding="UTF-8"?>
<!DOCTYPE html PUBLIC "-//W3C//DTD XHTML 1.0 Transitional//EN"
    "http://www.w3.org/TR/xhtml1/DTD/xhtml1-transitional.dtd">
<html xmlns="http://www.w3.org/1999/xhtml" xml:lang="en" lang="en">
 <head>
  <title>
</title>
<meta http-equiv="Content-Type" content="text/html;charset=utf-8" />
  <meta name='ocr-system' content='tesseract 3.04.00' />
  <meta name='ocr-capabilities' content='ocr_page ocr_carea ocr_par ocr_line ocrx_word'/>
</head>
<body>
  <div class='ocr_page' id='page_1' title='image "./homeriodyssea00bekkgoog_0269.png"; bbox 0 0 3259 4917; ppageno 0'>
   <div class='ocr_carea' id='block_1_1' title="bbox 348 547 1018 607">
    <p class='ocr_par' dir='ltr' id='par_1_1' title="bbox 348 547 1018 607">
     <span class='ocr_line' id='line_1_1' title="bbox 348 547 1018 607; baseline -0.006 -2"><span class='ocrx_word' id='word_1_1' title='bbox 348 552 400 607; x_wconf 77' lang='lat'><strong><em>260</em></strong></span> <span class='ocrx_word' id='word_1_2' title='bbox 733 548 969 605; x_wconf 81' lang='grc' dir='ltr'><strong>ΟΔΥΣΣΕΙΑΣ</strong></span> <span class='ocrx_word' id='word_1_3' title='bbox 997 547 1018 601; x_wconf 85' lang='grc' dir='ltr'>Ρ</span> 
     </span>
    </p>
   </div>
   <div class='ocr_carea' id='block_1_2' title="bbox 265 695 1350 4185">
    <p class='ocr_par' dir='ltr' id='par_1_2' title="bbox 291 695 1283 793">
     <span class='ocr_line' id='line_1_2' title="bbox 291 695 1283 793; baseline -0.005 -19"><span class='ocrx_word' id='word_1_4' title='bbox 291 709 332 774; x_wconf 88' lang='lat'><strong><em>17</em></strong></span> <span class='ocrx_word' id='word_1_5' title='bbox 348 701 453 793; x_wconf 87' lang='grc' dir='ltr'><strong><em>αύτάρ</em></strong></span> <span class='ocrx_word' id='word_1_6' title='bbox 477 704 495 772; x_wconf 91' lang='grc' dir='ltr'><strong><em>ό</em></strong></span> <span class='ocrx_word' id='word_1_7' title='bbox 517 706 578 791; x_wconf 84' lang='grc' dir='ltr'><strong><em>βῆ,</em></strong></span> <span class='ocrx_word' id='word_1_8' title='bbox 600 700 691 790; x_wconf 87' lang='grc' dir='ltr'><strong><em>μάλα</em></strong></span> <span class='ocrx_word' id='word_1_9' title='bbox 714 702 744 770; x_wconf 89' lang='grc' dir='ltr'><strong><em>δ’</em></strong></span> <span class='ocrx_word' id='word_1_10' title='bbox 760 695 830 769; x_wconf 86' lang='grc' dir='ltr'><strong><em>ώκα</em></strong></span> <span class='ocrx_word' id='word_1_11' title='bbox 852 700 975 788; x_wconf 78' lang='grc' dir='ltr'>δόμους</span> <span class='ocrx_word' id='word_1_12' title='bbox 996 707 1109 769; x_wconf 85' lang='grc' dir='ltr'><strong><em>ίκανεν</em></strong></span> <span class='ocrx_word' id='word_1_13' title='bbox 1129 700 1283 781; x_wconf 75' lang='grc' dir='ltr'><em>ἄνακτος.</em></span> 
     </span>
    </p>

    <p class='ocr_par' dir='ltr' id='par_1_3' title="bbox 278 802 1239 1002">
     <span class='ocr_line' id='line_1_3' title="bbox 278 802 1239 894; baseline -0.004 -18"><span class='ocrx_word' id='word_1_14' title='bbox 278 825 331 875; x_wconf 82' lang='grc'><strong><em>256</em></strong></span> <span class='ocrx_word' id='word_1_15' title='bbox 349 809 467 876; x_wconf 82' lang='grc' dir='ltr'><strong><em>αὐτίκα</em></strong></span> <span class='ocrx_word' id='word_1_16' title='bbox 491 808 519 874; x_wconf 90' lang='grc' dir='ltr'><strong><em>δ’</em></strong></span> <span class='ocrx_word' id='word_1_17' title='bbox 536 807 610 875; x_wconf 82' lang='grc' dir='ltr'><strong><em>τίσω</em></strong></span> <span class='ocrx_word' id='word_1_18' title='bbox 633 809 695 887; x_wconf 78' lang='grc' dir='ltr'><strong><em>λέν,</em></strong></span> <span class='ocrx_word' id='word_1_19' title='bbox 717 802 801 893; x_wconf 77' lang='grc' dir='ltr'><strong><em>μετὰ</em></strong></span> <span class='ocrx_word' id='word_1_20' title='bbox 824 809 859 873; x_wconf 83' lang='grc' dir='ltr'><strong><em>δέ</em></strong></span> <span class='ocrx_word' id='word_1_21' title='bbox 880 807 1239 894; x_wconf 87' lang='grc' dir='ltr'><strong><em>μνηστῆρσικαθῑζεν,</em></strong></span> 
     </span>
     <span class='ocr_line' id='line_1_4' title="bbox 349 905 1216 1002; baseline -0.001 -24"><span class='ocrx_word' id='word_1_22' title='bbox 349 913 465 979; x_wconf 78' lang='grc' dir='ltr'><em>ἀντίον</em></span> <span class='ocrx_word' id='word_1_23' title='bbox 486 908 699 999; x_wconf 75' lang='grc' dir='ltr'><strong><em>Εὐρυμάχου</em></strong></span> <span class='ocrx_word' id='word_1_24' title='bbox 721 906 781 977; x_wconf 86' lang='grc' dir='ltr'><strong><em>τόν</em></strong></span> <span class='ocrx_word' id='word_1_25' title='bbox 803 905 868 999; x_wconf 92' lang='grc' dir='ltr'><strong><em>γάρ</em></strong></span> <span class='ocrx_word' id='word_1_26' title='bbox 891 912 1039 1002; x_wconf 93' lang='grc' dir='ltr'><strong><em>φιλέεσκε</em></strong></span> <span class='ocrx_word' id='word_1_27' title='bbox 1059 906 1216 991; x_wconf 87' lang='grc' dir='ltr'><strong><em>μάλιστα.</em></strong></span> 
     </span>
    </p>

    <p class='ocr_par' dir='ltr' id='par_1_4' title="bbox 275 1012 1253 1208">
     <span class='ocr_line' id='line_1_5' title="bbox 275 1012 1253 1104; baseline -0.003 -22"><span class='ocrx_word' id='word_1_28' title='bbox 275 1046 277 1054; x_wconf 57' lang='lat'><strong>⁴</strong></span> <span class='ocrx_word' id='word_1_29' title='bbox 352 1019 396 1101; x_wconf 82' lang='grc' dir='ltr'><strong><em>τῷ</em></strong></span> <span class='ocrx_word' id='word_1_30' title='bbox 417 1012 510 1103; x_wconf 85' lang='grc' dir='ltr'><strong><em>πάρα</em></strong></span> <span class='ocrx_word' id='word_1_31' title='bbox 530 1018 590 1100; x_wconf 83' lang='grc' dir='ltr'><strong><em>μὲν</em></strong></span> <span class='ocrx_word' id='word_1_32' title='bbox 612 1016 726 1104; x_wconf 81' lang='grc' dir='ltr'><strong><em>κρειῶν</em></strong></span> <span class='ocrx_word' id='word_1_33' title='bbox 747 1022 871 1102; x_wconf 83' lang='grc' dir='ltr'><strong><em>μοῖραν</em></strong></span> <span class='ocrx_word' id='word_1_34' title='bbox 894 1016 1004 1080; x_wconf 83' lang='grc' dir='ltr'><strong><em>θέσαν</em></strong></span> <span class='ocrx_word' id='word_1_35' title='bbox 1029 1016 1063 1079; x_wconf 80' lang='grc' dir='ltr'><strong><em>οἳ</em></strong></span> <span class='ocrx_word' id='word_1_36' title='bbox 1084 1018 1253 1093; x_wconf 75' lang='grc' dir='ltr'><strong><em>πονέοντο,</em></strong></span> 
     </span>
     <span class='ocr_line' id='line_1_6' title="bbox 351 1117 1173 1208; baseline -0.005 -22"><span class='ocrx_word' id='word_1_37' title='bbox 351 1128 443 1187; x_wconf 87' lang='grc' dir='ltr'><strong><em>σῖτον</em></strong></span> <span class='ocrx_word' id='word_1_38' title='bbox 466 1117 495 1185; x_wconf 88' lang='grc' dir='ltr'><strong><em>δ’</em></strong></span> <span class='ocrx_word' id='word_1_39' title='bbox 512 1120 621 1198; x_wconf 84' lang='grc' dir='ltr'><strong><em>αίδοίη</em></strong></span> <span class='ocrx_word' id='word_1_40' title='bbox 644 1122 745 1204; x_wconf 91' lang='grc' dir='ltr'><strong><em>ταμίη</em></strong></span> <span class='ocrx_word' id='word_1_41' title='bbox 767 1122 939 1204; x_wconf 88' lang='grc' dir='ltr'><strong><em>παρέθηκε</em></strong></span> <span class='ocrx_word' id='word_1_42' title='bbox 962 1123 1111 1208; x_wconf 82' lang='grc' dir='ltr'><strong><em>φέρουσα</em></strong></span> <span class='ocrx_word' id='word_1_43' title='bbox 1166 1139 1173 1149; x_wconf 86' lang='grc'><em>·</em></span> 
     </span>
    </p>

    <p class='ocr_par' dir='ltr' id='par_1_5' title="bbox 279 1216 1331 1719">
     <span class='ocr_line' id='line_1_7' title="bbox 279 1216 1265 1311; baseline 0 -24"><span class='ocrx_word' id='word_1_44' title='bbox 279 1235 332 1287; x_wconf 86' lang='grc'><strong><em>260</em></strong></span> <span class='ocrx_word' id='word_1_45' title='bbox 350 1224 490 1307; x_wconf 86' lang='grc' dir='ltr'><strong><em>έδμεναι.</em></strong></span> <span class='ocrx_word' id='word_1_46' title='bbox 519 1219 709 1308; x_wconf 73' lang='grc' dir='ltr'><strong><em>ἀγχίμολον</em></strong></span> <span class='ocrx_word' id='word_1_47' title='bbox 724 1221 752 1288; x_wconf 87' lang='grc' dir='ltr'><strong><em>δ’</em></strong></span> <span class='ocrx_word' id='word_1_48' title='bbox 769 1217 922 1297; x_wconf 83' lang='grc' dir='ltr'><strong><em>Ὀδυσεύς</em></strong></span> <span class='ocrx_word' id='word_1_49' title='bbox 941 1225 998 1287; x_wconf 89' lang='grc' dir='ltr'><strong><em>καὶ</em></strong></span> <span class='ocrx_word' id='word_1_50' title='bbox 1020 1223 1092 1297; x_wconf 71' lang='grc' dir='ltr'><strong><em>δῖος</em></strong></span> <span class='ocrx_word' id='word_1_51' title='bbox 1111 1216 1265 1311; x_wconf 85' lang='grc' dir='ltr'><strong><em>ὑφορβός</em></strong></span> 
     </span>
     <span class='ocr_line' id='line_1_8' title="bbox 350 1319 1158 1413; baseline -0.002 -22"><span class='ocrx_word' id='word_1_52' title='bbox 350 1323 472 1407; x_wconf 81' lang='grc' dir='ltr'><strong><em>στήτην</em></strong></span> <span class='ocrx_word' id='word_1_53' title='bbox 495 1328 672 1409; x_wconf 80' lang='grc' dir='ltr'><strong><em>ἐρχομένω,</em></strong></span> <span class='ocrx_word' id='word_1_54' title='bbox 693 1329 768 1413; x_wconf 83' lang='grc' dir='ltr'><strong><em>περὶ</em></strong></span> <span class='ocrx_word' id='word_1_55' title='bbox 791 1327 825 1391; x_wconf 88' lang='grc' dir='ltr'><strong><em>δέ</em></strong></span> <span class='ocrx_word' id='word_1_56' title='bbox 848 1346 955 1413; x_wconf 86' lang='grc' dir='ltr'><strong><em>σφεας</em></strong></span> <span class='ocrx_word' id='word_1_57' title='bbox 971 1319 1078 1404; x_wconf 80' lang='grc' dir='ltr'><strong><em>Ιἤλυθ’</em></strong></span> <span class='ocrx_word' id='word_1_58' title='bbox 1098 1321 1158 1405; x_wconf 87' lang='grc' dir='ltr'><strong><em>λωή</em></strong></span> 
     </span>
     <span class='ocr_line' id='line_1_9' title="bbox 350 1422 1331 1519; baseline -0.002 -24"><span class='ocrx_word' id='word_1_59' title='bbox 350 1425 534 1519; x_wconf 87' lang='grc' dir='ltr'><strong><em>φόρμιγγος</em></strong></span> <span class='ocrx_word' id='word_1_60' title='bbox 554 1430 742 1517; x_wconf 85' lang='grc' dir='ltr'><strong><em>γλαφυρῆς·</em></strong></span> <span class='ocrx_word' id='word_1_61' title='bbox 764 1422 832 1493; x_wconf 85' lang='grc' dir='ltr'><strong><em>ἀνά</em></strong></span> <span class='ocrx_word' id='word_1_62' title='bbox 850 1424 921 1514; x_wconf 83' lang='grc' dir='ltr'><strong><em>γάρ’</em></strong></span> <span class='ocrx_word' id='word_1_63' title='bbox 940 1448 1037 1518; x_wconf 86' lang='grc' dir='ltr'><strong><em>σφισι</em></strong></span> <span class='ocrx_word' id='word_1_64' title='bbox 1057 1425 1189 1511; x_wconf 91' lang='grc' dir='ltr'><strong><em>βάλλετ’</em></strong></span> <span class='ocrx_word' id='word_1_65' title='bbox 1208 1424 1331 1493; x_wconf 80' lang='grc' dir='ltr'><strong><em>ἀείδειν</em></strong></span> 
     </span>
     <span class='ocr_line' id='line_1_10' title="bbox 354 1522 1294 1618; baseline -0.004 -19"><span class='ocrx_word' id='word_1_66' title='bbox 354 1528 492 1615; x_wconf 84' lang='grc' dir='ltr'><strong><em>Φήμιος.</em></strong></span> <span class='ocrx_word' id='word_1_67' title='bbox 516 1526 621 1618; x_wconf 87' lang='grc' dir='ltr'><strong><em>αὑτάρ</em></strong></span> <span class='ocrx_word' id='word_1_68' title='bbox 645 1530 663 1596; x_wconf 90' lang='grc' dir='ltr'>ὁ</span> <span class='ocrx_word' id='word_1_69' title='bbox 683 1526 793 1617; x_wconf 88' lang='grc' dir='ltr'><strong><em>χειρός</em></strong></span> <span class='ocrx_word' id='word_1_70' title='bbox 814 1526 897 1596; x_wconf 77' lang='grc' dir='ltr'><strong><em>ἑλών</em></strong></span> <span class='ocrx_word' id='word_1_71' title='bbox 917 1535 1088 1616; x_wconf 78' lang='grc' dir='ltr'><strong><em>προσέειπε</em></strong></span> <span class='ocrx_word' id='word_1_72' title='bbox 1110 1526 1260 1612; x_wconf 75' lang='grc' dir='ltr'><strong><em>συβώτην</em></strong></span> <span class='ocrx_word' id='word_1_73' title='bbox 1290 1522 1294 1526; x_wconf 60' lang='grc'><strong><em>’</em></strong></span> 
     </span>
     <span class='ocr_line' id='line_1_11' title="bbox 357 1622 1270 1719; baseline -0.001 -20"><span class='ocrx_word' id='word_1_74' title='bbox 357 1628 507 1719; x_wconf 72' lang='grc' dir='ltr'><strong><em>«Εὔμαι’,</em></strong></span> <span class='ocrx_word' id='word_1_75' title='bbox 530 1622 551 1713; x_wconf 83' lang='grc' dir='ltr'><em>ἦ</em></span> <span class='ocrx_word' id='word_1_76' title='bbox 572 1630 664 1717; x_wconf 80' lang='grc' dir='ltr'><strong><em>μάλα</em></strong></span> <span class='ocrx_word' id='word_1_77' title='bbox 687 1629 728 1713; x_wconf 87' lang='grc' dir='ltr'><strong><em>δή</em></strong></span> <span class='ocrx_word' id='word_1_78' title='bbox 751 1632 830 1698; x_wconf 89' lang='grc' dir='ltr'><strong><em>τάδε</em></strong></span> <span class='ocrx_word' id='word_1_79' title='bbox 852 1630 991 1717; x_wconf 85' lang='grc' dir='ltr'><strong><em>δώματα</em></strong></span> <span class='ocrx_word' id='word_1_80' title='bbox 1004 1628 1084 1697; x_wconf 76' lang='grc' dir='ltr'><strong><em>’κάλ’</em></strong></span> <span class='ocrx_word' id='word_1_81' title='bbox 1102 1631 1270 1712; x_wconf 83' lang='grc' dir='ltr'><strong><em>Ὀδυσῆος.</em></strong></span> 
     </span>
    </p>

    <p class='ocr_par' dir='ltr' id='par_1_6' title="bbox 280 1734 1297 2233">
     <span class='ocr_line' id='line_1_12' title="bbox 280 1734 1235 1823; baseline -0.002 -22"><span class='ocrx_word' id='word_1_82' title='bbox 280 1757 333 1808; x_wconf 80' lang='lat'><strong><em>265</em></strong></span> <span class='ocrx_word' id='word_1_83' title='bbox 351 1740 425 1823; x_wconf 87' lang='grc' dir='ltr'><strong><em>ῥεῖα</em></strong></span> <span class='ocrx_word' id='word_1_84' title='bbox 447 1735 477 1802; x_wconf 82' lang='grc' dir='ltr'><strong><em>δ’</em></strong></span> <span class='ocrx_word' id='word_1_85' title='bbox 496 1734 650 1823; x_wconf 77' lang='grc' dir='ltr'><strong><em>ἀρίγνωτ’</em></strong></span> <span class='ocrx_word' id='word_1_86' title='bbox 670 1739 737 1801; x_wconf 80' lang='grc' dir='ltr'><strong><em>ἐστὶ</em></strong></span> <span class='ocrx_word' id='word_1_87' title='bbox 760 1739 816 1802; x_wconf 83' lang='grc' dir='ltr'><strong><em>καὶ</em></strong></span> <span class='ocrx_word' id='word_1_88' title='bbox 839 1742 874 1800; x_wconf 86' lang='grc' dir='ltr'><strong><em>ἐν</em></strong></span> <span class='ocrx_word' id='word_1_89' title='bbox 895 1738 1068 1801; x_wconf 86' lang='grc' dir='ltr'><strong><em>πολλοῖσιν</em></strong></span> <span class='ocrx_word' id='word_1_90' title='bbox 1089 1736 1235 1802; x_wconf 85' lang='grc' dir='ltr'><strong><em>λδέσθαι.</em></strong></span> 
     </span>
     <span class='ocr_line' id='line_1_13' title="bbox 351 1835 1172 1927; baseline 0.002 -22"><span class='ocrx_word' id='word_1_91' title='bbox 351 1839 385 1920; x_wconf 84' lang='grc' dir='ltr'><strong><em>ἐξ</em></strong></span> <span class='ocrx_word' id='word_1_92' title='bbox 406 1845 523 1927; x_wconf 83' lang='grc' dir='ltr'><strong><em>ἐτέρων</em></strong></span> <span class='ocrx_word' id='word_1_93' title='bbox 545 1835 626 1925; x_wconf 86' lang='grc' dir='ltr'><strong><em>έτερ’</em></strong></span> <span class='ocrx_word' id='word_1_94' title='bbox 646 1843 749 1921; x_wconf 85' lang='grc' dir='ltr'><strong><em>ἐστίν,</em></strong></span> <span class='ocrx_word' id='word_1_95' title='bbox 772 1835 953 1920; x_wconf 80' lang='grc' dir='ltr'><strong><em>ἐπήσκηται</em></strong></span> <span class='ocrx_word' id='word_1_96' title='bbox 974 1841 1008 1904; x_wconf 90' lang='grc' dir='ltr'><strong><em>δέ</em></strong></span> <span class='ocrx_word' id='word_1_97' title='bbox 1032 1843 1064 1905; x_wconf 83' lang='grc' dir='ltr'><strong><em>οἱ</em></strong></span> <span class='ocrx_word' id='word_1_98' title='bbox 1087 1836 1172 1918; x_wconf 83' lang='grc' dir='ltr'><strong><em>αὐλή</em></strong></span> 
     </span>
     <span class='ocr_line' id='line_1_14' title="bbox 350 1938 1238 2029; baseline -0.002 -20"><span class='ocrx_word' id='word_1_99' title='bbox 350 1946 448 2028; x_wconf 82' lang='grc' dir='ltr'><strong><em>τοίχῳ</em></strong></span> <span class='ocrx_word' id='word_1_100' title='bbox 470 1945 526 2009; x_wconf 84' lang='grc' dir='ltr'><strong><em>καὶ</em></strong></span> <span class='ocrx_word' id='word_1_101' title='bbox 547 1945 731 2029; x_wconf 73' lang='grc' dir='ltr'><strong><em>θριγκοῖσι,</em></strong></span> <span class='ocrx_word' id='word_1_102' title='bbox 754 1938 862 2029; x_wconf 86' lang='grc' dir='ltr'><strong><em>θύραι</em></strong></span> <span class='ocrx_word' id='word_1_103' title='bbox 883 1940 913 2007; x_wconf 84' lang='grc' dir='ltr'><strong><em>δ’</em></strong></span> <span class='ocrx_word' id='word_1_104' title='bbox 931 1941 1072 2029; x_wconf 78' lang='grc' dir='ltr'><strong><em>εὐερκέες</em></strong></span> <span class='ocrx_word' id='word_1_105' title='bbox 1094 1942 1178 2009; x_wconf 84' lang='grc' dir='ltr'><strong><em>εἰσίν</em></strong></span> <span class='ocrx_word' id='word_1_106' title='bbox 1234 1959 1238 1971; x_wconf 94' lang='grc'>’</span> 
     </span>
     <span class='ocr_line' id='line_1_15' title="bbox 351 2040 1297 2135; baseline -0.001 -24"><span class='ocrx_word' id='word_1_107' title='bbox 351 2046 504 2121; x_wconf 88' lang='grc' dir='ltr'><strong><em>δικλίδες·</em></strong></span> <span class='ocrx_word' id='word_1_108' title='bbox 527 2043 585 2111; x_wconf 87' lang='grc' dir='ltr'><strong><em>οὐκ</em></strong></span> <span class='ocrx_word' id='word_1_109' title='bbox 608 2041 651 2110; x_wconf 86' lang='grc' dir='ltr'><strong><em>ἀν</em></strong></span> <span class='ocrx_word' id='word_1_110' title='bbox 672 2048 799 2128; x_wconf 49' lang='grc' dir='ltr'><strong><em>τίςιμιν</em></strong></span> <span class='ocrx_word' id='word_1_111' title='bbox 822 2040 907 2128; x_wconf 85' lang='grc' dir='ltr'><strong><em>ἀνήρ</em></strong></span> <span class='ocrx_word' id='word_1_112' title='bbox 928 2043 1214 2132; x_wconf 81' lang='grc' dir='ltr'><strong><em>ὑπεροπλίσσαιτο.</em></strong></span> <span class='ocrx_word' id='word_1_113' title='bbox 1291 2126 1297 2135; x_wconf 60' lang='lat'>„</span> 
     </span>
     <span class='ocr_line' id='line_1_16' title="bbox 350 2143 1246 2233; baseline -0.001 -20"><span class='ocrx_word' id='word_1_114' title='bbox 350 2145 515 2233; x_wconf 76' lang='grc' dir='ltr'><strong><em>γιγνώσκω</em></strong></span> <span class='ocrx_word' id='word_1_115' title='bbox 539 2146 569 2213; x_wconf 91' lang='grc' dir='ltr'><strong><em>δ’</em></strong></span> <span class='ocrx_word' id='word_1_116' title='bbox 589 2143 640 2213; x_wconf 83' lang='grc' dir='ltr'><strong><em>ὅτι</em></strong></span> <span class='ocrx_word' id='word_1_117' title='bbox 661 2149 779 2213; x_wconf 84' lang='grc' dir='ltr'><strong><em>πολλοὶ</em></strong></span> <span class='ocrx_word' id='word_1_118' title='bbox 800 2153 836 2213; x_wconf 87' lang='grc' dir='ltr'><strong><em>ἐν</em></strong></span> <span class='ocrx_word' id='word_1_119' title='bbox 858 2144 948 2230; x_wconf 81' lang='grc' dir='ltr'><strong><em>αύτῷ</em></strong></span> <span class='ocrx_word' id='word_1_120' title='bbox 971 2150 1071 2215; x_wconf 88' lang='grc' dir='ltr'><strong><em>δαῖτα</em></strong></span> <span class='ocrx_word' id='word_1_121' title='bbox 1092 2152 1246 2215; x_wconf 74' lang='grc' dir='ltr'><strong><em>τίθενται</em></strong></span> 
     </span>
    </p>

    <p class='ocr_par' dir='ltr' id='par_1_7' title="bbox 265 2246 1319 2443">
     <span class='ocr_line' id='line_1_17' title="bbox 265 2246 1319 2342; baseline 0.001 -26"><span class='ocrx_word' id='word_1_122' title='bbox 265 2266 334 2318; x_wconf 81' lang='grc'><strong><em>’270</em></strong></span> <span class='ocrx_word' id='word_1_123' title='bbox 352 2246 482 2341; x_wconf 89' lang='grc' dir='ltr'><strong><em>ἀνδρες,</em></strong></span> <span class='ocrx_word' id='word_1_124' title='bbox 506 2254 574 2317; x_wconf 78' lang='grc' dir='ltr'><strong><em>ἐπεὶ</em></strong></span> <span class='ocrx_word' id='word_1_125' title='bbox 596 2254 690 2331; x_wconf 87' lang='grc' dir='ltr'><strong><em>κνίση</em></strong></span> <span class='ocrx_word' id='word_1_126' title='bbox 712 2254 773 2337; x_wconf 87' lang='grc' dir='ltr'><strong><em>μὲν</em></strong></span> <span class='ocrx_word' id='word_1_127' title='bbox 795 2247 982 2331; x_wconf 87' lang='grc' dir='ltr'><strong><em>ἀνήνοθεν,</em></strong></span> <span class='ocrx_word' id='word_1_128' title='bbox 1004 2258 1040 2317; x_wconf 88' lang='grc' dir='ltr'><strong><em>ἐν</em></strong></span> <span class='ocrx_word' id='word_1_129' title='bbox 1060 2255 1096 2317; x_wconf 88' lang='grc' dir='ltr'><strong><em>δέ</em></strong></span> <span class='ocrx_word' id='word_1_130' title='bbox 1116 2276 1153 2317; x_wconf 85' lang='grc' dir='ltr'><strong><em>τε</em></strong></span> <span class='ocrx_word' id='word_1_131' title='bbox 1175 2247 1319 2342; x_wconf 84' lang='grc' dir='ltr'><strong><em>φόρμιγξ</em></strong></span> 
     </span>
     <span class='ocr_line' id='line_1_18' title="bbox 350 2349 1182 2443; baseline -0.004 -22"><span class='ocrx_word' id='word_1_132' title='bbox 350 2352 458 2436; x_wconf 88' lang='grc' dir='ltr'><strong><em>ήπύει,</em></strong></span> <span class='ocrx_word' id='word_1_133' title='bbox 481 2350 524 2436; x_wconf 86' lang='grc' dir='ltr'><strong><em>ήν</em></strong></span> <span class='ocrx_word' id='word_1_134' title='bbox 546 2349 614 2443; x_wconf 90' lang='grc' dir='ltr'><strong><em>ἀρα</em></strong></span> <span class='ocrx_word' id='word_1_135' title='bbox 637 2356 725 2423; x_wconf 84' lang='grc' dir='ltr'><strong><em>δαιτὶ</em></strong></span> <span class='ocrx_word' id='word_1_136' title='bbox 747 2356 827 2421; x_wconf 85' lang='grc' dir='ltr'><strong><em>θεοὶ</em></strong></span> <span class='ocrx_word' id='word_1_137' title='bbox 848 2356 995 2434; x_wconf 86' lang='grc' dir='ltr'><strong><em>ποίησαν</em></strong></span> <span class='ocrx_word' id='word_1_138' title='bbox 1016 2359 1182 2439; x_wconf 77' lang='grc' dir='ltr'><strong><em>ἑταίρην.»</em></strong></span> 
     </span>
    </p>

    <p class='ocr_par' dir='ltr' id='par_1_8' title="bbox 351 2446 1339 2750">
     <span class='ocr_line' id='line_1_19' title="bbox 395 2446 1310 2547; baseline -0.002 -24"><span class='ocrx_word' id='word_1_139' title='bbox 395 2453 454 2524; x_wconf 86' lang='grc' dir='ltr'><strong><em>τὸν</em></strong></span> <span class='ocrx_word' id='word_1_140' title='bbox 472 2456 506 2525; x_wconf 87' lang='grc' dir='ltr'><strong><em>,δ’</em></strong></span> <span class='ocrx_word' id='word_1_141' title='bbox 523 2454 788 2542; x_wconf 80' lang='grc' dir='ltr'><strong><em>ἀπαμειβόμενος</em></strong></span> <span class='ocrx_word' id='word_1_142' title='bbox 810 2464 996 2547; x_wconf 81' lang='grc' dir='ltr'><strong><em>προσέφης,</em></strong></span> <span class='ocrx_word' id='word_1_143' title='bbox 1018 2446 1145 2544; x_wconf 80' lang='grc' dir='ltr'><strong><em>Εύμαιε</em></strong></span> <span class='ocrx_word' id='word_1_144' title='bbox 1168 2459 1310 2541; x_wconf 80' lang='grc' dir='ltr'><strong><em>συβῶτα,</em></strong></span> 
     </span>
     <span class='ocr_line' id='line_1_20' title="bbox 358 2550 1339 2645; baseline 0.001 -21"><span class='ocrx_word' id='word_1_145' title='bbox 358 2559 438 2645; x_wconf 83' lang='grc' dir='ltr'><strong><em>«ῥεῖ’</em></strong></span> <span class='ocrx_word' id='word_1_146' title='bbox 458 2563 571 2643; x_wconf 72' lang='grc' dir='ltr'><strong><em>ἔγνως,</em></strong></span> <span class='ocrx_word' id='word_1_147' title='bbox 593 2563 663 2625; x_wconf 80' lang='grc' dir='ltr'><strong><em>ἐπεὶ</em></strong></span> <span class='ocrx_word' id='word_1_148' title='bbox 685 2557 763 2626; x_wconf 81' lang='grc' dir='ltr'><strong><em>οὑδέ</em></strong></span> <span class='ocrx_word' id='word_1_149' title='bbox 780 2557 824 2625; x_wconf 88' lang='grc' dir='ltr'><strong><em>τά</em></strong></span> <span class='ocrx_word' id='word_1_150' title='bbox 846 2560 875 2625; x_wconf 88' lang='grc' dir='ltr'><strong><em>τ’</em></strong></span> <span class='ocrx_word' id='word_1_151' title='bbox 895 2558 982 2627; x_wconf 89' lang='grc' dir='ltr'><strong><em>ἀλλα</em></strong></span> <span class='ocrx_word' id='word_1_152' title='bbox 1002 2567 1063 2643; x_wconf 88' lang='grc' dir='ltr'><strong><em>πέρ</em></strong></span> <span class='ocrx_word' id='word_1_153' title='bbox 1085 2550 1153 2627; x_wconf 84' lang='grc' dir='ltr'><strong><em>ἐσσ’</em></strong></span> <span class='ocrx_word' id='word_1_154' title='bbox 1173 2556 1339 2645; x_wconf 90' lang='grc' dir='ltr'><strong><em>ἀνοήμων.</em></strong></span> 
     </span>
     <span class='ocr_line' id='line_1_21' title="bbox 351 2654 1217 2750; baseline 0.003 -25"><span class='ocrx_word' id='word_1_155' title='bbox 351 2658 422 2725; x_wconf 87' lang='grc' dir='ltr'><strong><em>ἀλλ’</em></strong></span> <span class='ocrx_word' id='word_1_156' title='bbox 441 2654 500 2743; x_wconf 89' lang='grc' dir='ltr'><strong><em>ἀγε</em></strong></span> <span class='ocrx_word' id='word_1_157' title='bbox 523 2655 564 2741; x_wconf 85' lang='grc' dir='ltr'><strong><em>δὴ</em></strong></span> <span class='ocrx_word' id='word_1_158' title='bbox 587 2658 782 2750; x_wconf 77' lang='grc' dir='ltr'><strong><em>φραζώμεθ’</em></strong></span> <span class='ocrx_word' id='word_1_159' title='bbox 803 2660 892 2740; x_wconf 87' lang='grc' dir='ltr'><strong><em>ὅπως</em></strong></span> <span class='ocrx_word' id='word_1_160' title='bbox 913 2668 1005 2729; x_wconf 75' lang='grc' dir='ltr'><strong><em>ἔσται</em></strong></span> <span class='ocrx_word' id='word_1_161' title='bbox 1024 2662 1109 2730; x_wconf 84' lang='grc' dir='ltr'><strong><em>τάδε</em></strong></span> <span class='ocrx_word' id='word_1_162' title='bbox 1127 2668 1217 2747; x_wconf 84' lang='grc' dir='ltr'><strong><em>έργα.</em></strong></span> 
     </span>
    </p>

    <p class='ocr_par' dir='ltr' id='par_1_9' title="bbox 281 2752 1311 3269">
     <span class='ocr_line' id='line_1_22' title="bbox 281 2752 1311 2858; baseline 0.007 -32"><span class='ocrx_word' id='word_1_163' title='bbox 281 2783 333 2835; x_wconf 85' lang='lat'><strong><em>275</em></strong></span> <span class='ocrx_word' id='word_1_164' title='bbox 351 2760 388 2841; x_wconf 83' lang='grc' dir='ltr'><strong><em>ήέ</em></strong></span> <span class='ocrx_word' id='word_1_165' title='bbox 411 2756 453 2827; x_wconf 82' lang='grc' dir='ltr'><strong><em>σύ</em></strong></span> <span class='ocrx_word' id='word_1_166' title='bbox 474 2764 602 2848; x_wconf 84' lang='grc' dir='ltr'><strong><em>πρῶτος</em></strong></span> <span class='ocrx_word' id='word_1_167' title='bbox 623 2765 740 2830; x_wconf 82' lang='grc' dir='ltr'><strong><em>έσελθε</em></strong></span> <span class='ocrx_word' id='word_1_168' title='bbox 764 2763 886 2851; x_wconf 87' lang='grc' dir='ltr'><strong><em>δόμους</em></strong></span> <span class='ocrx_word' id='word_1_169' title='bbox 908 2758 944 2833; x_wconf 84' lang='grc' dir='ltr'><strong><em>εὑ</em></strong></span> <span class='ocrx_word' id='word_1_170' title='bbox 963 2764 1188 2858; x_wconf 83' lang='grc' dir='ltr'><strong><em>ναιετάοντας,</em></strong></span> <span class='ocrx_word' id='word_1_171' title='bbox 1306 2752 1311 2757; x_wconf 42' lang='grc'><strong><em>’</em></strong></span> 
     </span>
     <span class='ocr_line' id='line_1_23' title="bbox 352 2860 1254 2961; baseline 0.007 -32"><span class='ocrx_word' id='word_1_172' title='bbox 352 2860 448 2930; x_wconf 84' lang='grc' dir='ltr'><strong><em>δύσεο</em></strong></span> <span class='ocrx_word' id='word_1_173' title='bbox 472 2866 506 2929; x_wconf 82' lang='grc' dir='ltr'><strong><em>δὲ</em></strong></span> <span class='ocrx_word' id='word_1_174' title='bbox 527 2868 738 2952; x_wconf 84' lang='grc' dir='ltr'><strong><em>μνηστῆρας,</em></strong></span> <span class='ocrx_word' id='word_1_175' title='bbox 756 2864 817 2953; x_wconf 83' lang='grc' dir='ltr'><strong><em>ἐγώ</em></strong></span> <span class='ocrx_word' id='word_1_176' title='bbox 841 2868 871 2934; x_wconf 89' lang='grc' dir='ltr'><strong><em>δ’</em></strong></span> <span class='ocrx_word' id='word_1_177' title='bbox 891 2869 1116 2961; x_wconf 77' lang='grc' dir='ltr'><strong><em>ὑπολείψομαι</em></strong></span> <span class='ocrx_word' id='word_1_178' title='bbox 1136 2868 1254 2937; x_wconf 83' lang='grc' dir='ltr'><strong><em>αὑτοῦ·</em></strong></span> 
     </span>
     <span class='ocr_line' id='line_1_24' title="bbox 353 2964 1276 3060; baseline 0.004 -27"><span class='ocrx_word' id='word_1_179' title='bbox 353 2974 380 3033; x_wconf 82' lang='grc' dir='ltr'><strong><em>εί</em></strong></span> <span class='ocrx_word' id='word_1_180' title='bbox 402 2964 431 3032; x_wconf 89' lang='grc' dir='ltr'><strong><em>δ’</em></strong></span> <span class='ocrx_word' id='word_1_181' title='bbox 450 2969 591 3046; x_wconf 84' lang='grc' dir='ltr'><strong><em>ἐθέλεις,</em></strong></span> <span class='ocrx_word' id='word_1_182' title='bbox 613 2973 793 3054; x_wconf 84' lang='grc' dir='ltr'><strong><em>ἐπίμεινον,</em></strong></span> <span class='ocrx_word' id='word_1_183' title='bbox 816 2968 878 3057; x_wconf 76' lang='grc' dir='ltr'><strong><em>ἐγώ</em></strong></span> <span class='ocrx_word' id='word_1_184' title='bbox 900 2971 930 3039; x_wconf 86' lang='grc' dir='ltr'><strong><em>δ’</em></strong></span> <span class='ocrx_word' id='word_1_185' title='bbox 950 2969 1014 3060; x_wconf 84' lang='grc' dir='ltr'><strong><em>εἶμι</em></strong></span> <span class='ocrx_word' id='word_1_186' title='bbox 1034 2970 1276 3059; x_wconf 89' lang='grc' dir='ltr'><strong><em>προπάροιθεν.</em></strong></span> 
     </span>
     <span class='ocr_line' id='line_1_25' title="bbox 350 3065 1196 3158; baseline 0.007 -23"><span class='ocrx_word' id='word_1_187' title='bbox 350 3073 433 3157; x_wconf 79' lang='grc' dir='ltr'><strong><em>μηδὲ</em></strong></span> <span class='ocrx_word' id='word_1_188' title='bbox 456 3065 497 3139; x_wconf 85' lang='grc' dir='ltr'><strong><em>οὑ</em></strong></span> <span class='ocrx_word' id='word_1_189' title='bbox 519 3067 693 3152; x_wconf 81' lang='grc' dir='ltr'><strong><em>δηθύνειν,</em></strong></span> <span class='ocrx_word' id='word_1_190' title='bbox 715 3071 762 3158; x_wconf 88' lang='grc' dir='ltr'><strong><em>μή</em></strong></span> <span class='ocrx_word' id='word_1_191' title='bbox 785 3081 834 3151; x_wconf 87' lang='grc' dir='ltr'><strong><em>τίς</em></strong></span> <span class='ocrx_word' id='word_1_192' title='bbox 856 3074 888 3141; x_wconf 89' lang='grc' dir='ltr'><strong><em>σ’</em></strong></span> <span class='ocrx_word' id='word_1_193' title='bbox 906 3078 1047 3143; x_wconf 73' lang='grc' dir='ltr'><strong><em>ἔκτοσθε</em></strong></span> <span class='ocrx_word' id='word_1_194' title='bbox 1068 3074 1196 3157; x_wconf 90' lang='grc' dir='ltr'><strong><em>νοήσας</em></strong></span> 
     </span>
     <span class='ocr_line' id='line_1_26' title="bbox 351 3169 1229 3269; baseline 0.008 -32"><span class='ocrx_word' id='word_1_195' title='bbox 351 3169 373 3253; x_wconf 85' lang='grc' dir='ltr'><strong><em>ή</em></strong></span> <span class='ocrx_word' id='word_1_196' title='bbox 395 3171 481 3264; x_wconf 75' lang='grc' dir='ltr'><strong><em>βάλῃ</em></strong></span> <span class='ocrx_word' id='word_1_197' title='bbox 504 3169 525 3255; x_wconf 82' lang='grc' dir='ltr'><em>ἢ</em></span> <span class='ocrx_word' id='word_1_198' title='bbox 547 3172 657 3267; x_wconf 74' lang='grc' dir='ltr'><strong><em>ἐλάσῃ.</em></strong></span> <span class='ocrx_word' id='word_1_199' title='bbox 686 3171 729 3241; x_wconf 86' lang='grc' dir='ltr'><strong><em>τά</em></strong></span> <span class='ocrx_word' id='word_1_200' title='bbox 752 3181 786 3242; x_wconf 84' lang='grc' dir='ltr'><strong><em>δέ</em></strong></span> <span class='ocrx_word' id='word_1_201' title='bbox 809 3200 845 3245; x_wconf 89' lang='grc' dir='ltr'><strong><em>σε</em></strong></span> <span class='ocrx_word' id='word_1_202' title='bbox 868 3178 1063 3269; x_wconf 84' lang='grc' dir='ltr'><strong><em>φράζεσθαι</em></strong></span> <span class='ocrx_word' id='word_1_203' title='bbox 1082 3176 1229 3264; x_wconf 74' lang='grc' dir='ltr'><strong><em>ἀνωγα.»</em></strong></span> 
     </span>
    </p>

    <p class='ocr_par' dir='ltr' id='par_1_10' title="bbox 282 3269 1350 3773">
     <span class='ocr_line' id='line_1_27' title="bbox 282 3269 1339 3361; baseline 0.003 -16"><span class='ocrx_word' id='word_1_204' title='bbox 282 3292 335 3345; x_wconf 81' lang='grc'><strong><em>280</em></strong></span> <span class='ocrx_word' id='word_1_205' title='bbox 395 3269 456 3339; x_wconf 88' lang='grc' dir='ltr'><strong><em>τόν</em></strong></span> <span class='ocrx_word' id='word_1_206' title='bbox 479 3274 508 3339; x_wconf 88' lang='grc' dir='ltr'><strong><em>δ’</em></strong></span> <span class='ocrx_word' id='word_1_207' title='bbox 528 3274 671 3359; x_wconf 82' lang='grc' dir='ltr'><strong><em>ἠμείβετ’</em></strong></span> <span class='ocrx_word' id='word_1_208' title='bbox 691 3280 801 3343; x_wconf 83' lang='grc' dir='ltr'><strong><em>έπειτα</em></strong></span> <span class='ocrx_word' id='word_1_209' title='bbox 822 3279 987 3360; x_wconf 89' lang='grc' dir='ltr'><strong><em>πολύτλας</em></strong></span> <span class='ocrx_word' id='word_1_210' title='bbox 1002 3284 1080 3361; x_wconf 39' lang='grc' dir='ltr'><strong><em>’δίος</em></strong></span> <span class='ocrx_word' id='word_1_211' title='bbox 1098 3277 1273 3358; x_wconf 87' lang='grc' dir='ltr'><strong><em>Ὀδυσσεύς</em></strong></span> <span class='ocrx_word' id='word_1_212' title='bbox 1334 3298 1339 3306; x_wconf 88' lang='grc'><strong><em>’</em></strong></span> 
     </span>
     <span class='ocr_line' id='line_1_28' title="bbox 360 3372 1350 3467; baseline 0.016 -31"><span class='ocrx_word' id='word_1_213' title='bbox 360 3372 562 3463; x_wconf 79' lang='grc' dir='ltr'><strong><em>«γιγνώσκω,</em></strong></span> <span class='ocrx_word' id='word_1_214' title='bbox 585 3384 730 3467; x_wconf 85' lang='grc' dir='ltr'><strong><em>φρονέω·</em></strong></span> <span class='ocrx_word' id='word_1_215' title='bbox 752 3377 800 3445; x_wconf 89' lang='grc' dir='ltr'><strong><em>τά</em></strong></span> <span class='ocrx_word' id='word_1_216' title='bbox 816 3406 854 3464; x_wconf 86' lang='grc' dir='ltr'><strong><em>γε</em></strong></span> <span class='ocrx_word' id='word_1_217' title='bbox 876 3380 917 3461; x_wconf 83' lang='grc' dir='ltr'><strong><em>δή</em></strong></span> <span class='ocrx_word' id='word_1_218' title='bbox 939 3391 1066 3452; x_wconf 83' lang='grc' dir='ltr'><strong><em>νοέοντι</em></strong></span> <span class='ocrx_word' id='word_1_219' title='bbox 1086 3382 1231 3461; x_wconf 84' lang='grc' dir='ltr'><strong><em>κελεύεις.</em></strong></span> <span class='ocrx_word' id='word_1_220' title='bbox 1319 3418 1323 3425; x_wconf 95' lang='grc'><strong><em>·</em></strong></span> <span class='ocrx_word' id='word_1_221' title='bbox 1346 3416 1350 3423; x_wconf 94' lang='grc'><strong><em>·</em></strong></span> 
     </span>
     <span class='ocr_line' id='line_1_29' title="bbox 353 3475 1323 3579; baseline 0.009 -34"><span class='ocrx_word' id='word_1_222' title='bbox 353 3476 426 3547; x_wconf 90' lang='grc' dir='ltr'><strong><em>ἀλλ’</em></strong></span> <span class='ocrx_word' id='word_1_223' title='bbox 446 3482 536 3565; x_wconf 85' lang='grc' dir='ltr'><strong><em>έρχευ</em></strong></span> <span class='ocrx_word' id='word_1_224' title='bbox 557 3475 804 3568; x_wconf 89' lang='grc' dir='ltr'><strong><em>προπάροιθεν,</em></strong></span> <span class='ocrx_word' id='word_1_225' title='bbox 826 3477 887 3566; x_wconf 87' lang='grc' dir='ltr'><strong><em>ἐγώ</em></strong></span> <span class='ocrx_word' id='word_1_226' title='bbox 911 3482 939 3549; x_wconf 84' lang='grc' dir='ltr'><strong><em>δ’</em></strong></span> <span class='ocrx_word' id='word_1_227' title='bbox 958 3483 1184 3579; x_wconf 80' lang='grc' dir='ltr'><strong><em>ὑπολείψομαι</em></strong></span> <span class='ocrx_word' id='word_1_228' title='bbox 1204 3484 1323 3554; x_wconf 80' lang='grc' dir='ltr'><strong><em>αὑτοῦ·</em></strong></span> 
     </span>
     <span class='ocr_line' id='line_1_30' title="bbox 353 3579 1147 3671; baseline 0.006 -21"><span class='ocrx_word' id='word_1_229' title='bbox 353 3582 394 3650; x_wconf 86' lang='grc' dir='ltr'><strong><em>οὑ</em></strong></span> <span class='ocrx_word' id='word_1_230' title='bbox 414 3579 479 3671; x_wconf 87' lang='grc' dir='ltr'><strong><em>γάρ</em></strong></span> <span class='ocrx_word' id='word_1_231' title='bbox 501 3608 533 3649; x_wconf 92' lang='grc' dir='ltr'><strong><em>τι</em></strong></span> <span class='ocrx_word' id='word_1_232' title='bbox 553 3586 703 3667; x_wconf 84' lang='grc' dir='ltr'><strong><em>πληγέων</em></strong></span> <span class='ocrx_word' id='word_1_233' title='bbox 725 3579 887 3669; x_wconf 86' lang='grc' dir='ltr'><strong><em>ἀδαήμων</em></strong></span> <span class='ocrx_word' id='word_1_234' title='bbox 908 3583 983 3653; x_wconf 81' lang='grc' dir='ltr'><strong><em>οὑδὲ</em></strong></span> <span class='ocrx_word' id='word_1_235' title='bbox 1004 3588 1147 3670; x_wconf 79' lang='grc' dir='ltr'><strong><em>βολάων.</em></strong></span> 
     </span>
     <span class='ocr_line' id='line_1_31' title="bbox 352 3683 1263 3773; baseline 0.009 -23"><span class='ocrx_word' id='word_1_236' title='bbox 352 3684 505 3771; x_wconf 86' lang='grc' dir='ltr'><strong><em>τολμήεις</em></strong></span> <span class='ocrx_word' id='word_1_237' title='bbox 525 3710 584 3773; x_wconf 89' lang='grc' dir='ltr'><strong><em>μοι</em></strong></span> <span class='ocrx_word' id='word_1_238' title='bbox 604 3683 732 3771; x_wconf 88' lang='grc' dir='ltr'><strong><em>θυμός,</em></strong></span> <span class='ocrx_word' id='word_1_239' title='bbox 754 3691 824 3755; x_wconf 84' lang='grc' dir='ltr'><strong><em>ἐπεὶ</em></strong></span> <span class='ocrx_word' id='word_1_240' title='bbox 844 3684 930 3754; x_wconf 91' lang='grc' dir='ltr'><strong><em>κακά</em></strong></span> <span class='ocrx_word' id='word_1_241' title='bbox 951 3685 1061 3755; x_wconf 78' lang='grc' dir='ltr'><strong><em>πολλὰ</em></strong></span> <span class='ocrx_word' id='word_1_242' title='bbox 1078 3695 1263 3765; x_wconf 81' lang='grc' dir='ltr'><strong><em>πέπονθα,</em></strong></span> 
     </span>
    </p>

    <p class='ocr_par' dir='ltr' id='par_1_11' title="bbox 283 3782 1287 4185">
     <span class='ocr_line' id='line_1_32' title="bbox 283 3782 1287 3879; baseline 0.005 -24"><span class='ocrx_word' id='word_1_243' title='bbox 283 3803 335 3855; x_wconf 85' lang='grc'><strong><em>285</em></strong></span> <span class='ocrx_word' id='word_1_244' title='bbox 353 3782 475 3872; x_wconf 89' lang='grc' dir='ltr'><strong><em>κύμασι</em></strong></span> <span class='ocrx_word' id='word_1_245' title='bbox 494 3794 550 3855; x_wconf 82' lang='grc' dir='ltr'><strong><em>καὶ</em></strong></span> <span class='ocrx_word' id='word_1_246' title='bbox 571 3793 718 3875; x_wconf 80' lang='grc' dir='ltr'><strong><em>πολέμῳ·</em></strong></span> <span class='ocrx_word' id='word_1_247' title='bbox 740 3786 824 3875; x_wconf 86' lang='grc' dir='ltr'><strong><em>μετά</em></strong></span> <span class='ocrx_word' id='word_1_248' title='bbox 845 3796 902 3859; x_wconf 86' lang='grc' dir='ltr'><strong><em>καὶ</em></strong></span> <span class='ocrx_word' id='word_1_249' title='bbox 923 3790 998 3858; x_wconf 89' lang='grc' dir='ltr'><strong><em>τόδε</em></strong></span> <span class='ocrx_word' id='word_1_250' title='bbox 1019 3805 1108 3861; x_wconf 85' lang='grc' dir='ltr'><strong><em>τοῖσι</em></strong></span> <span class='ocrx_word' id='word_1_251' title='bbox 1127 3796 1287 3879; x_wconf 83' lang='grc' dir='ltr'><strong><em>γενέσθω.</em></strong></span> 
     </span>
     <span class='ocr_line' id='line_1_33' title="bbox 353 3876 1215 3986; baseline 0.012 -32"><span class='ocrx_word' id='word_1_252' title='bbox 353 3876 497 3978; x_wconf 82' lang='grc' dir='ltr'><strong><em>γύστέρα</em></strong></span> <span class='ocrx_word' id='word_1_253' title='bbox 520 3891 550 3957; x_wconf 85' lang='grc' dir='ltr'><strong><em>δ’</em></strong></span> <span class='ocrx_word' id='word_1_254' title='bbox 567 3888 605 3960; x_wconf 88' lang='grc' dir='ltr'><strong><em>ού</em></strong></span> <span class='ocrx_word' id='word_1_255' title='bbox 627 3917 695 3969; x_wconf 86' lang='grc' dir='ltr'><strong><em>πως</em></strong></span> <span class='ocrx_word' id='word_1_256' title='bbox 717 3896 804 3961; x_wconf 84' lang='grc' dir='ltr'><strong><em>έστιν</em></strong></span> <span class='ocrx_word' id='word_1_257' title='bbox 827 3892 1021 3986; x_wconf 78' lang='grc' dir='ltr'><strong><em>ἀποκρύψαι</em></strong></span> <span class='ocrx_word' id='word_1_258' title='bbox 1040 3909 1215 3983; x_wconf 82' lang='grc' dir='ltr'><strong><em>μεμαυῖαν,</em></strong></span> 
     </span>
     <span class='ocr_line' id='line_1_34' title="bbox 354 3990 1211 4087; baseline 0.012 -30"><span class='ocrx_word' id='word_1_259' title='bbox 354 3990 548 4078; x_wconf 80' lang='grc' dir='ltr'><strong><em>οὐλομένην,</em></strong></span> <span class='ocrx_word' id='word_1_260' title='bbox 572 3990 593 4075; x_wconf 86' lang='grc' dir='ltr'>ἣ</span> <span class='ocrx_word' id='word_1_261' title='bbox 615 3992 725 4061; x_wconf 74' lang='grc' dir='ltr'><strong><em>πολλοὶ</em></strong></span> <span class='ocrx_word' id='word_1_262' title='bbox 744 3994 817 4062; x_wconf 82' lang='grc' dir='ltr'><strong><em>κάκ’</em></strong></span> <span class='ocrx_word' id='word_1_263' title='bbox 837 3995 1047 4087; x_wconf 87' lang='grc' dir='ltr'><strong><em>ἀνθρώποισι</em></strong></span> <span class='ocrx_word' id='word_1_264' title='bbox 1068 4003 1211 4079; x_wconf 83' lang='grc' dir='ltr'><strong><em>δίδωσιν,</em></strong></span> 
     </span>
     <span class='ocr_line' id='line_1_35' title="bbox 352 4096 1071 4185; baseline 0.01 -25"><span class='ocrx_word' id='word_1_265' title='bbox 352 4097 411 4176; x_wconf 85' lang='grc' dir='ltr'><strong><em>τῆς</em></strong></span> <span class='ocrx_word' id='word_1_266' title='bbox 433 4103 538 4163; x_wconf 84' lang='grc' dir='ltr'><strong><em>ένεκεν</em></strong></span> <span class='ocrx_word' id='word_1_267' title='bbox 559 4099 616 4163; x_wconf 86' lang='grc' dir='ltr'><strong><em>καὶ</em></strong></span> <span class='ocrx_word' id='word_1_268' title='bbox 637 4102 713 4179; x_wconf 87' lang='grc' dir='ltr'><strong><em>νῆες</em></strong></span> <span class='ocrx_word' id='word_1_269' title='bbox 734 4096 860 4185; x_wconf 82' lang='grc' dir='ltr'><strong><em>έύζυγοι</em></strong></span> <span class='ocrx_word' id='word_1_270' title='bbox 880 4099 1071 4181; x_wconf 87' lang='grc' dir='ltr'><strong><em>ὁπλίζονται</em></strong></span> 
     </span>
    </p>
   </div>
   <div class='ocr_carea' id='block_1_3' title="bbox 0 0 1642 4917">
    <p class='ocr_par' dir='ltr' id='par_1_12' title="bbox 0 0 1642 4917">
     <span class='ocr_line' id='line_1_36' title="bbox 0 0 1642 4917; baseline 0 0"><span class='ocrx_word' id='word_1_271' title='bbox 0 0 1642 4917; x_wconf 95' lang='lat' dir='ltr'><strong><em> </em></strong></span> 
     </span>
    </p>
   </div>
  </div>
 </body>
</html>
