3259 4917
540 652 543 659 .
622 595 862 651 ΟΔΥΣΣΕΙΑΣ
889 600 915 649 Π

165 751 218 817 16
239 752 386 831 Φαίηκές
406 747 442 834 μ’
462 744 591 833 ἄγαγον
612 753 834 830 ναυσίκλυτοι,
857 755 894 815 οί
901 774 947 816 -τε
969 752 1025 815 καὶ
1040 745 1182 828 ἄλλους·

237 849 441 940 ἀνθρώπους
461 856 659 937 πέμπουσα,
682 850 701 919 ὅ
724 856 774 930 τίς
796 874 903 944 σφεας
919 856 1151 943 εἰσαφίκηται·

236 958 294 1021 καί
314 953 351 1040 μ’
370 951 495 1021 εὕδοντ’
516 962 552 1020 έν
572 960 628 1035 νηλ
649 959 720 1045 θοῇ
742 960 795 1021 ἐπὶ
817 954 942 1023 πόντον
963 951 1122 1038 ἄγοντες
1233 982 1238 996 ¹

151 1069 217 1121 230
236 1054 411 1125 κάτθεσαν
433 1063 478 1133 τίς
496 1054 652 1137 Ἰθάκην,
672 1062 796 1144 ἔπορον
816 1061 853 1130 δέ
874 1082 933 1142 μοι
955 1053 1067 1141 ἀγλαά
1088 1062 1202 1148 δῶρα·
1250 1072 1287 1149 ζ’·

233 1156 362 1245 χαλκόν
381 1182 417 1225 τε
436 1157 560 1245 χρυσόν
581 1182 616 1225 τε
638 1156 712 1237 ἄλις
734 1157 868 1241 ἐσθῆτά
891 1160 930 1224 θ’
947 1158 1129 1252 ὑφαντήν.Ι

236 1265 294 1329 καὶ
314 1258 358 1327 τὰ
379 1265 440 1346 μὲν
461 1268 497 1327 εν
519 1258 658 1343 σπήεσσι
679 1266 772 1328 θεῶν
794 1261 900 1343 ίότηει
920 1268 1068 1330 κέονται·
1188 1282 1192 1290 ’

156 1370 160 1377 “
236 1366 298 1430 νῶν
320 1355 363 1429 αὖ
385 1363 472 1449 δεῦρ’
490 1362 609 1447 ίιιόμην
630 1363 927 1456 ύκιοθημοσύνρσιν
946 1364 1103 1446 Ἀθήνης,
1153 1414 1157 1421 -

238 1465 331 1555 όφρα
353 1489 387 1531 κε
411 1468 617 1552 δυσμενέεσσι
639 1464 747 1557 φόνου
768 1474 848 1554 πέρι
864 1466 1099 1553 βουλεύσωμεν.
1128 1528 1133 1535 .

158 1584 218 1636 235
238 1567 313 1635 ἄλλ’
333 1565 392 1654 ἄγε
413 1594 471 1653 μοι
492 1573 685 1657 μνηστῆρας
707 1568 904 1657 ἀριθμήσας
924 1568 1114 1650 κανάλεξον,

238 1666 329 1761 ὄφρα
352 1674 425 1739 λδέω
448 1668 545 1739 ὅσσοι
566 1697 602 1737 τε
624 1675 680 1739 καὶ
703 1678 842 1749 οἵτινες
862 1672 976 1761 ἄνδρες
998 1678 1111 1761 ελσίνή

235 1778 294 1840 καί
315 1796 370 1838 κεν
391 1770 472 1859 ἐμὸν
486 1772 577 1853 ικατά
600 1772 715 1860 θυμὸν
736 1774 893 1863 ἀμύμονα
915 1776 1118 1862 μερμηρίξας

238 1873 448 1966 φράσσομαι,
474 1873 496 1958 ἥ
517 1880 654 1943 κεν-νῶι
674 1876 877 1965 δυνησόμεθ’
898 1878 1146 1968 ἀντιφέρεσθαι

235 1977 347 2073 μούνω
370 1975 488 2047 ἄνευθ’
507 1976 632 2058 ἄλλων,
655 1970 755 2065 ήκαὶ
777 1978 971 2066 διζησόμεθ’
991 1976 1156 2057 ἄλλους.»“
1222 2012 1228 2019 ·

162 2101 221 2154 240
282 2078 342 2149 τὸν
362 2082 392 2171 δ’-
410 2075 454 2149 αὖ
470 2086 672 2168 1Τηλέμαχος
692 2090 895 2169 πεπνυμένος
915 2081 1043 2149 ’ἄντλον-
1055 2079 1142 2163 ηύδα

245 2174 294 2248 «ὦ
314 2181 432 2270 πάτερ,
454 2182 529 2265 ήτοι
551 2195 620 2253 σεῖο
642 2190 727 2270 μέγα
749 2188 842 2261 κλέος
856 2189 934 2251 ειίδν
953 2179 1084 2264 ἄκουον,

235 2284 349 2373 χἐῖράς
370 2288 400 2352 τ’
413 2282 582 2373 ἀλχμητήν
604 2290 714 2371 ἔμεναι
736 2290 792 2352 καὶ
813 2291 980 2375 ἐπίφρονα
1001 2283 1144 2368 βουλήν·

180 2441 183 2454 ,
239 2383 328 2454 ἄλλά
347 2391 422 2468 λίην
442 2396 528 2475 μέγα
551 2388 658 2466 εἶπας·
681 2388 746 2473 ἄγη
768 2388 803 2473 μ’
823 2392 901 2474 έχει·
924 2387 1000 2454 ούδέ
1022 2412 1078 2454 κεν
1098 2389 1148 2471 είη

239 2487 338 2579 ἄνδρε
361 2489 426 2555 δύω
448 2494 600 2559 πολλοῖσι
620 2495 676 2558 καὶ
698 2496 873 2583 ίφθίμυισι
893 2488 1075 2578 μάχεσθαι
1136 2530 1139 2539 -

166 2610 221 2663 245
238 2592 435 2682 μνηστήρων
458 2595 487 2661 δ’
504 2592 572 2664 οὔτ’
592 2593 634 2685 ἄρ
656 2592 752 2673 δεκάς
774 2594 905 2683 ἀτρεκὲς
927 2592 1001 2662 ούτε
1023 2593 1074 2661 δύ’
1093 2593 1171 2673 οἶαι,

240 2694 326 2764 ἀλλὰ
347 2694 432 2765 πολύ
452 2701 601 2776 πλέονες·
626 2696 712 2785 τάχα
733 2698 765 2765 δ’
780 2698 882 2765 εέσεαι
902 2696 1023 2766 ww
1041 2695 1203 2786 ἀριθμόν.

240 2807 275 2867 ὲκ
296 2804 355 2885 μὲν
376 2804 563 2888 Δουλιχίοιο
587 2800 651 2871 δύω
673 2806 728 2869 καὶ
741 2799 954 2883 ’πεντήκοντα

240 2907 353 2993 κοῦροι
373 2910 568 2992 κεκριμένοι,
591 2904 627 2985 ἓξ
647 2908 680 2971 δὲ
704 2907 883 2991 δρηστῆρες
905 2912 1055 2971 ἕπονται·

240 3012 275 3073 ὲκ
296 3008 333 3075 δέ
352 3003 477 3093 Σάμης
498 3012 630 3094 πίσυρες
650 3008 706 3071 καὶ
729 3006 831 3072 είκοσι
852 3012 958 3095 φῶτες
981 3010 1081 3082 έασιν,

170 3117 224 3169 250
241 3115 276 3175 έιι
297 3113 331 3177 δὲ
354 3106 536 3176 Ζακύνθου
557 3112 651 3175 ἔασιν
673 3114 789 3175 ἐείκοσι
811 3110 926 3193 κοῦροι
945 3108 1091 3192 Ἀχαιῶν,
1131 3157 1140 3167 .

240 3220 275 3279 ἐκ
296 3212 326 3279 δ’
342 3212 445 3291 αὐτῆς
463 3207 603 3290 Ἰθάκης
624 3212 818 3275 δυοκαίδεκα
839 3208 960 3287 πάντες
980 3205 1122 3297 ἄριστοι,-

239 3322 295 3383 καί
317 3339 397 3407 σφιν
419 3310 477 3400 ἄμ’
497 3316 564 3379 έστι
588 3314 709 3379 Μέδων
729 3312 907 3401 κῆρυξκαλ
930 3316 1027 3389 θεῖος
1048 3308 1163 3388 ἀοιδός
1197 3395 1200 3401 ἡ

193 3450 202 3463 .
239 3422 295 3485 καὶ
317 3414 395 3484 δοιῶ
418 3416 619 3505 θεράποντε,
643 3413 793 3502 δαήμονε
811 3414 1066 3504 δαιτροσυνάων,
1112 3464 1117 3471 .

178 3596 181 3603 Δ
240 3524 305 3595 τῶν
328 3521 357 3586 εί
376 3545 430 3587 κεν
451 3506 584 3587 πάντων
606 3518 792 3604 ἀντήσομεν
811 3524 908 3586 λίνδου
930 3516 1060 3594 ίόυτωυ,

172 3636 223 3687 255
240 3617 287 3709 μή
307 3619 491 3709 πολύπικρα
513 3626 569 3687 καὶ
591 3618 668 3687 αίνοί
689 3624 767 3706 βίας
789 3622 963 3687 ἀποτίσεαι
976 3614 1105 3689 -έλθῶν,

241 3718 328 3791 ἄλλά
350 3720 391 3790 σύ
407 3724 450 3807 φ’,
468 3730 500 3788 ἐλ
522 3720 662 3787 δύνασαί
683 3720 743 3786 τιν’
764 3718 1161 3806 ἄμύντοραμερμηρίξαι,

241 3822 422 3920 φράζευ,’ό
444 3831 505 3901 κέιί
521 3850 569 3902 τις
583 3826 667 3889 ’νῶιν
689 3820 809 3908 ἀμύνοι
831 3819 998 3911 πρόφρονι
1019 3826 1152 3907 θυμῷ.»

283 3927 343 3998 τὸν
365 3929 395 3999 δ’
411 3920 489 3997 αὖτε
510 3931 678 4013 προσέειπε
701 3922 866 4019 πολύτλας
888 3927 958 4001 δῖος
976 3922 1150 4003 Ὀδυσσεύς

248 4031 385 4122 «τοιγὰρ
408 4026 490 4120 ἐμῶν
511 4037 604 4120 έρέω,
626 4024 668 4095 σὺ
689 4030 723 4095 δὲ
746 4026 874 4095 σύνθεο
894 4032 951 4093 καί
972 4052 1032 4113 μευ
1053 4023 1205 4109 ἄκουσον,

175 4150 226 4203 κου
241 4141 297 4205 καὶ
319 4133 449 4228 φράσαι
469 4131 491 4216 ή
513 4158 567 4203 κεν
588 4136 666 4201 νῶιν
685 4130 815 4220 Ἀθήνη
837 4128 898 4201 σύν
919 4133 972 4199 Διί
992 4138 1094 4221 πατρί
