3259 4917
323 569 358 624 82
707 565 947 623 ΟΔΥΣΣΕΙΑΣ
973 566 998 619 Β

276 727 297 793 5
324 721 487 795 στειλειδν
500 698 688 812 περικαλλές
710 719 856 803 ὲ,λ·όινον
878 712 916 789 εὖ
936 716 1110 809 ἐναρηρός·
1159 724 1184 763 '-

325 833 406 898 δῶκε
428 828 458 897 δ’
477 832 664 896 έπειταέ
609 834 664 896 σκέ
664 850 793 915 παρνον
815 816 990 907 ἐύξοον
966 848 1046 913 ηρχε
1067 822 1097 890 δ’
1114 819 1208 892 ὁδοῖο
1257 865 1261 873 ·

324 930 429 1016 νήσου
451 931 534 999 έπ’ἐ
537 934 686 1063 σχατεής,
710 926 774 997 ὅθι
794 933 932 1018 δένδρεα
935 922 1065 1055 μακρά
1085 924 1231 1053 πεφύκει,

324 1034 510 1127 κλήθρη’
480 1061 500 1103 τ
530 1031 672 1124 α’ίγειρός
693 1034 730 1115 τ’,
745 1030 907 1115 ίλάτη’
875 1059 896 1101 τ
927 1023 971 1115 ήν
992 1029 1231 1120 οὐρανομήκης,

255 1152 308 1207 240
326 1131 393 1210 αὖοι
413 1136 533 1220 πάλαι,
554 1140 727 1226 περίκηλα,
751 1135 795 1205 τά
815 1142 849 1205 ολ
868 1133 1009 1204 πλύοιεν
1029 1137 1192 1262 ἐλαφρῶς.

325 1239 430 1334 αὐτάρ
453 1246 522 1310 ἐπεὶ
544 1237 585 1324 δή
608 1240 685 1323 δεῖξ’
708 1239 773 1309 ὅθι
794 1243 930 1331 δένδρεα
950 1236 1063 1329 μακρά
1086 1237 1230 1332 πεφύκει,

325 1348 346 1430 ἡ
368 1350 428 1436 μέν
448 1348 510 1433 ίβη
532 1342 616 1435 πρὸς
637 1344 732 1434 δῶμα
754 1340 908 1434 Καλυψώ
930 1346 989 1410 δῖα
1009 1339 1137 1424 θεάων,

325 1446 430 1539 αύτδρ
454 1450 471 1518 ὁ
495 1447 636 1539 τάμνετο
659 1451 778 1540 δοῦρα·
802 1450 897 1526 θοοῖς
918 1449 953 1515 δέ
977 1453 1010 1515 οί
1031 1442 1132 1529 ήνυτο
1155 1449 1259 1536 έργον.
1286 1437 1290 1443 ’

189 1597 192 1607 ·
326 1555 427 1625 ε’ίκοσι
449 1553 477 1621 δ’
499 1555 615 1639 ἔκβαλε
635 1551 762 1634 πάντα,
783 1556 978 1634 πελέκκησεν
999 1550 1030 1618 δ’
1048 1546 1117 1639 άρα
1135 1552 1258 1638 χαλκῷ,

255 1676 307 1729 245
326 1658 418 1741 ξέσσε
441 1657 505 1725 δὲ
491 1662 712 1743 ἐπισταμένως
731 1660 788 1723 καὶ
809 1660 863 1724 ἐπὶ
885 1654 1047 1744 στάθμην
1068 1655 1194 1723 ίδυνεν.

325 1759 436 1889 τόφρα
460 1760 488 1828 δ’
508 1764 661 1827 ένεικεέ
627 1786 762 1885 τρετρσι
783 1755 996 1853 Καλυψολ
982 1785 1019 1826 ια
1039 1755 1173 1826 θεάων

325 1869 478 1955 τετρηνεν
500 1859 570 1931 δ”
548 1889 615 1952 αρα
636 1862 746 1932 πάντα
769 1868 826 1931 καὶ
847 1861 1006 1991 ἥρμοσεν
1015 1858 1215 1944 ἀλλήλοισιν,
1299 1918 1304 1926 ,

325 1966 506 2060 γόμφοισιν
529 1968 594 2034 δ”
579 1964 647 2056 άρα
668 1965 730 2050 τήν
751 1992 787 2055 γε
809 1967 906 2067 καὶ
887 1952 1083 2092 αρμονιῆσιν
1104 1961 1258 2057 άρασσεν.

325 2069 430 2140 όσσον
451 2076 500 2150 τίς
521 2097 541 2138 τ
545 2071 710 2163 ’έδαφος
718 2067 797 2153 νηός
808 2069 1019 2160 τορνώσεται
1039 2067 1137 2161 ἀνήρ

256 2197 309 2251 25⁰
327 2178 484 2269 φορτίδος
506 2174 643 2263 εὐρείης,
666 2166 701 2242 εὖ
723 2170 814 2255 είδώς
835 2173 1071 2255 τεκτοσυνάοεν,
1129 2211 1135 2223 1

326 2276 447 2347 τόσσον
470 2278 518 2345 ἔπ’
538 2277 666 2368 εὐρεῖαν
688 2280 821 2365 σχεδίην
841 2275 997 2361 ποιήσατ’
1011 2274 1201 2361 «Ὀδυσσεύς.

327 2382 426 2471 ἰ’κρια
423 2384 471 2450 33
493 2378 633 2464 στήσας,
656 2378 790 2473 ἀραρών
812 2384 942 2470 θαμέσι
963 2385 1209 2469 σταμίνεσοιν,

327 2492 428 2554 ποίει·
452 2480 539 2574 ἀτάρ
560 2490 724 2578 μακρῇσιν
746 2488 989 2571 ἐπηγκενίδεσσι
1010 2483 1152 2553 τελεύτα.

327 2596 362 2657 έν
385 2588 446 2656 δ”
435 2584 528 2656 ιστδν
549 2592 637 2655 ποίει
657 2592 713 2659 καὶ
736 2585 926 2676 ἐπίκριον”
901 2614 1055 2677 αρμενον·Ι
1068 2587 1174 2673 αὐτῷ·

257 2710 309 2762 255
326 2686 504 2782 πρὸςδ”’
482 2716 548 2778 αρα
570 2689 733 2775 πηδάλιον
754 2690 935 2775 ποιήσατο,
956 2688 1025 2785 όφρ
1029 2689 1198 2761 ’ίδύνοι

328 2792 434 2889 φράξε
457 2796 491 2862 δέ
513 2818 571 2881 μιν
592 2800 721 2886 ῥίπεσσι
743 2799 918 2884 διαμπερές
939 2800 1117 2889 οίσυίνησιν

327 2892 471 2986 κύματος
493 2894 583 2990 εἶλαρ
603 2904 696 2987 ίμεν·
717 2895 846 2983 πολλήν
866 2898 898 2967 δ’
913 2896 1088 2993 ἐπεχεύατο
1110 2895 1202 2981 ύλην.
1291 2976 1295 2981 ,
1367 2967 1371 2975 ,

327 3000 438 3092 τόφρα
460 3005 495 3071 δὲ
517 3001 614 3095 φάρε’
633 3008 730 3073 ίνεικε
753 2999 906 3094 Καλυφδ
928 3005 988 3071 δια
1008 3000 1126 3071 θεάων

327 3110 417 3173 ίστία
438 3105 666 3190 ποιήσασθαι·
690 3109 712 3177 ’ὁ
735 3108 764 3176 δ’
784 3099 821 3176 εὖ
840 3104 1021 3195 τεχνήσατο
1043 3111 1102 3175 καὶ
1120 3104 1176 3174 τά.

168 3260 171 3265 -
258 3226 311 3279 260
329 3216 364 3277 έν
386 3210 416 3277 δ’
431 3210 552 3299 ὑπέρας
573 3232 608 3279 τε
630 3210 751 3291 κάλους
776 3238 811 3281 τε
833 3213 941 3290 πόδας
962 3210 992 3278 τ’
1012 3213 1163 3293 ίνέδησεν
1185 3216 1220 3277 έν
1241 3207 1333 3298 αύτή,

327 3316 499 3399 μοχλοῖσιν
522 3313 551 3380 δ’
570 3310 637 3403 άρα
660 3312 721 3397 τήν
742 3340 778 3401 γε
799 3317 989 3404 κατείρυσεν
1010 3321 1056 3393 είς
1077 3310 1144 3380 άλα
1167 3315 1253 3382 δῖαν.

371 3421 529 3505 τέτρατον
543 3409 642 3506 ιἦμαρ
665 3421 735 3499 ίην,
757 3421 814 3485 καὶ
835 3420 883 3504 τῷ
903 3421 1070 3487 τετέλεστο
1091 3415 1241 3486 ἅπαντα·
1300 3472 1303 3482 ,

328 3522 375 3606 τῷ
397 3518 426 3586 δ’
446 3517 513 3609 όρα
534 3526 669 3609 πέμπτῳ
690 3518 791 3609 πέμπ’
809 3516 878 3588 άπό
899 3518 1003 3603 νήσου
1025 3522 1083 3595 δῖα
1102 3518 1266 3609 Καλυψοῖ,

329 3620 448 3709 εἵματά
471 3624 498 3691 τ’
517 3624 712 3715 ἀμφιέσασα
732 3622 873 3695 θυώδεα
893 3628 951 3693 καί
971 3620 1133 3693 λούσασα,

259 3742 311 3795 265
329 3731 366 3792 ἐν
387 3729 422 3793 δέ
444 3733 476 3796 οἱ
498 3725 601 3799 άσκδν
623 3732 725 3811 έθηκε
748 3724 820 3809 δεδι
839 3730 981 3816 μέλανος
1002 3727 1107 3795 οίνοεο

329 3826 389 3896 τόν
411 3837 533 3920 ἕτερον,
556 3840 666 3922 ῖτερον
689 3830 718 3899 δ’
737 3819 860 3911 ύδατος
880 3836 1002 3919 μέγαν,
1020 3837 1060 3912 έν
1081 3833 1117 3899 δέ
1137 3833 1195 3899 καὶ
1214 3820 1258 3923 ᾖα
1306 3830 1310 3839 ’

328 3930 474 4023 κωρύκῳ
497 3939 589 4004 ἐυδέ
612 3940 644 4005 σί
667 3933 758 4059 όφα
761 3938 855 4002 τίθει
873 3940 1041 4023 μενοεικέα
1062 3932 1182 4003 πολλαί

330 4028 444 4131 οὖρον
452 4039 486 4105 δὲ
508 4038 706 4125 προίηκεν’
688 4035 846 4159 απήμονά
867 4062 904 4107 τε
925 4036 1113 4128 λιαρόν
1062 4063 1108 4105 τε.

328 4136 519 4229 γηθόσυνος
542 4136 630 4206 δ”
590 4166 677 4231 ουρφ
697 4124 810 4209 πέτετ’
829 4145 920 4211 ἱστία
941 4142 1014 4219 δῖος
1032 4139 1214 4221 Ὀδυσσεύς
