3259 4917
584 563 824 620 ΟΔῩΣΣΕΙΑΣ
852 567 882 620 Χ

129 715 180 780 22
246 712 291 794 ὥς
313 712 371 805 ἀρ’
387 715 556 806 ἐφώνησεν
563 767 571 797 ,
593 722 633 807 τῇ
654 718 684 784 δ’
699 715 840 807 ἄπτερος
862 724 975 787 έπλετο
997 723 1118 806 μῦθος,

200 815 297 900 άιξέν
319 822 352 886 δὲ
376 817 486 907 θύρας
507 818 659 908 μεγάρων
681 814 717 888 εὖ
737 821 965 903 ναιεταόντων,
984 867 988 878 ι

121 929 179 980 400
198 925 249 1009 βῆ
271 921 301 988 δ’
317 922 404 1006 ἴμεν·
427 918 532 1009 αὐτάρ
560 926 751 1010 Τηλέμαχος
771 923 898 1013 πρόσθ’
920 924 1123 1011 ἡγεμόνευεν.

200 1018 295 1113 εὗρεν
317 1024 413 1090 ἔπειτ’
430 1025 575 1106 Ὀδυσῆα
595 1022 679 1111 μετά
701 1034 892 1113 κταμένοισι
912 1035 1069 1108 νέκυσσιν,

200 1133 319 1214 αἴματι
342 1131 397 1193 καὶ
420 1123 536 1216 λύθρῳ
556 1132 810 1216 πεπαλαγμένον
832 1125 875 1208 ὥς
893 1117 931 1196 ’τε
953 1134 1079 1211 λέοντα,

201 1228 240 1308 ὅς
263 1227 307 1316 ῥά
330 1255 364 1296 τε
385 1229 558 1317 βεβρωκὼς
579 1227 661 1315 βοός
682 1235 808 1319 ἴρχεται
831 1230 1027 1320 ἀγραύλοιο·
1095 1267 1099 1274 ·
1143 1229 1145 1234 ’

200 1336 271 1399 πᾶν
295 1332 324 1398 δ’
342 1330 408 1420 ἀρα
431 1340 462 1400 οί
486 1332 616 1414 στῆθός
637 1359 671 1400 τε
694 1332 822 1421 παρήιά
845 1333 873 1400 τ’
893 1334 1137 1425 ἀμφοτέρωθεν

126 1445 183 1496 405
204 1433 407 1522 αἱματόεντα
428 1439 531 1515 πέλει,
555 1432 660 1514 δεινὸς
682 1435 712 1504 δ’
732 1443 776 1514 εἴς
798 1428 871 1504 ὦπα
894 1441 1045 1504 ἰδέσθαι·

203 1535 412 1616 εἴς’(ίδυσεύς
433 1535 624 1605 πεπάλακτο
647 1539 754 1616 πόδας
775 1543 830 1605 καὶ
850 1549 963 1628 χεῖρας
983 1538 1140 1626 ύπερθεν.
1196 1602 1198 1608 ,

202 1641 224 1723 ἡ
249 1641 279 1708 δ’
299 1640 342 1719 ὡς
365 1635 423 1708 οὖν
445 1639 561 1718 νέκυάς
581 1666 616 1707 τε
638 1645 693 1707 καὶ
716 1636 861 1708 ἄσπετον
883 1646 999 1710 εἴσιδεν
1021 1639 1114 1730 αἷμα,
1200 1662 1204 1666 ·
1239 1653 1245 1668 ’

203 1744 323 1810 ἴθυσέν
344 1742 375 1831 ρ”
396 1741 564 1825 ὀλολύξαι,
586 1746 654 1808 ἐπεὶ
676 1750 761 1828 μέγα
783 1745 901 1812 εἴσιδεν
923 1750 1033 1833 ἔργον·

205 1845 277 1912 ἀλλ’
294 1842 445 1923 Ὀδυσεύς
466 1852 618 1930 κατέρυκε
640 1851 696 1912 καὶ
718 1850 857 1930 ἔσχεθεν
878 1852 1009 1930 ἱεμένην
1029 1870 1098 1933 περ,

132 1961 187 2013 410
205 1951 263 2014 καί
284 1972 341 2034 μιν
363 1945 521 2038 φωνήσας
542 1951 620 2012 ἴπεα
641 1944 821 2035 πτερόεντα
842 1946 1023 2038 προσηύδα.

212 2058 270 2118 «ἐν
291 2054 407 2136 θυμῷ,
428 2053 526 2137 γρηῦ,
544 2061 655 2139 χαῖρε,
677 2054 732 2116 καὶ
754 2050 842 2136 ἴσχεο
866 2051 943 2136 μηδ’
964 2048 1083 2130 όλόλυζ
1103 2071 1111 2090 ·

205 2153 265 2240 οὐχ
288 2152 363 2236 ὁσίη
385 2158 593 2237 κταμένοισιν
614 2150 664 2216 ἐπ’
687 2151 849 2239 ἀνδράσιν
872 2151 1106 2239 εὐχετάασθαι

204 2254 321 2323 τούσδε
343 2258 378 2322 δέ
399 2253 488 2344 μοῖρ’
508 2252 674 2338 ἐδάμασσε
696 2257 789 2321 θεῶν
809 2259 865 2321 καὶ
888 2258 1019 2339 σχέτλια
1040 2258 1136 2340 ἔργα·

206 2354 245 2425 ού
267 2383 342 2424 τινα
364 2353 428 2444 γάρ
451 2360 581 2422 τίεσκον
602 2359 805 2441 ἐπιχθονίων
827 2353 1025 2445 ἀνθρώπων,
1181 2441 1184 2446 Ι

138 2473 190 2524 415
210 2461 248 2528 ού
270 2458 388 2539 κακόν,
411 2458 486 2526 οὐδὲ
507 2462 568 2543 μὲν
590 2456 732 2538 ἐσθλόν,
755 2455 780 2524 ό
796 2461 846 2535 τίς
868 2481 973 2550 σφεας
995 2459 1213 2551 εἰσαφίκοιτο·

206 2567 254 2647 τῷ
274 2567 331 2629 καὶ
354 2561 602 2653 ἀτασθαλίῃσιν
624 2559 734 2625 ἀεικέα
755 2559 884 2650 πότμον
906 2566 1056 2628 ἐπέσπον.

207 2664 280 2731 ἀλλ’
300 2661 359 2750 άγε
381 2687 440 2750 μοι
462 2659 503 2731 σύ
524 2672 681 2748 γυναῖκας
702 2668 751 2731 ἑνὶ
771 2662 929 2754 μεγάροις
950 2663 1138 2748 κατάλεξον,
1201 2691 1207 2702 ·

209 2772 248 2833 αἴ
267 2773 301 2834 τέ
323 2766 358 2852 μ’
377 2764 571 2852 ἀτιμάζουσι
591 2771 652 2834 καὶ
671 2768 707 2833 αλ
728 2771 883 2848 νηλειτεῖς
905 2772 1018 2835 εἰσίν.»

250 2865 309 2936 τόν
331 2869 361 2935 δ’
381 2862 458 2963 αὖτε
479 2876 650 2957 προσέειπε
674 2874 755 2962 φίλη
777 2867 903 2961 τροφός
925 2868 1105 2957 Εὐρύκλεια

139 2985 191 3036 420
216 2967 350 3057 «τοιγάρ
373 2970 435 3055 ἐγώ
457 2995 525 3049 τοι,
546 2978 672 3050 τέκνον,
698 2970 864 3051 ἀληθείην
886 2972 1063 3050 καταλέξω.

207 3069 408 3153 πεντήκοντά
430 3075 483 3137 τοί
505 3064 655 3136 εἴσινένὶ
676 3069 849 3158 μεγάροισι
869 3083 1019 3156 γυναῖκες

209 3180 330 3260 δμωαί,
352 3170 412 3249 τάς
434 3177 494 3256 μέν
515 3170 544 3237 τ’
564 3175 652 3258 έργα
666 3170 844 3257 διδάξαμεν
865 3170 1075 3261 ἐργάζεσθαι,

209 3274 291 3363 εἴριά
313 3301 347 3341 τε
369 3276 492 3355 ξαίνειν
513 3277 571 3340 καὶ
592 3272 795 3356 δουλοσύνην
817 3274 1007 3362 ἀνέχεσθαι.

208 3375 296 3442 τάων
318 3374 441 3444 δώδεκα
463 3379 570 3445 πᾶσαι
595 3376 763 3459 ἀναιδείης
783 3381 959 3463 ἐπέβησαν,

143 3494 193 3546 425
210 3474 276 3546 οὔτ’
295 3483 350 3566 ἐμὲ
371 3483 501 3547 τίουσαι
523 3477 591 3546 οὔτ’
611 3475 715 3560 αὐτὴν
735 3479 977 3562 Πηνελόπειαν.

216 3585 404 3667 Τηλέμαχος
426 3583 460 3647 δέ
481 3586 557 3647 νέον
578 3585 638 3666 μίν
660 3580 788 3662 ἀέξετο,
810 3582 884 3649 ούδέ
906 3589 921 3648 έ
943 3577 1051 3668 μήτηρ

211 3685 379 3766 σημαίνειν
401 3682 529 3748 εἴασκεν
550 3687 603 3748 ἐπὶ
625 3685 751 3773 δμωῇσι
772 3683 929 3770 γυναιξίν.

211 3783 282 3850 ἀλλ’
302 3779 356 3867 ἄγ’
375 3779 457 3868 ὲγιάν
479 3783 625 3868 ἀναβᾶσ’
644 3782 786 3872 ὑπεράνω
810 3783 1006 3870 σιγαλόεντα

212 3886 287 3952 εἴπω
316 3888 356 3975 σῇ
379 3881 503 3971 ἀλόχῳ,
524 3890 564 3977 τῇ
585 3911 634 3963 τις
655 3883 739 3963 θεός
760 3885 864 3954 ὕπνον
885 3881 1060 3975 έπόρσεν.»
1121 3971 1123 3978 s

148 4007 196 4060 430
254 3984 315 4069 τὴν
337 3987 366 4055 δ’
387 3985 652 4074 ἀπαμειβόμενος
673 3993 825 4078 προσέφη
847 3987 1027 4075 πολύμητις
1045 3987 1217 4069 Ὀδυσσεύς

218 4088 284 4176 «μή
305 4113 356 4158 πω
378 4087 471 4172 τήνδ’
490 4097 646 4180 ἐπέγειρε·
670 4085 712 4158 σύ
733 4089 763 4157 δ’
777 4090 904 4159 ἐνθάδε
927 4095 992 4160 είπέ
1015 4093 1162 4175 γυναιξίν

1026 4199 1060 4250 22
