3259 4917
338 491 394 563 εει
721 483 960 546 omnm
987 489 1015 544 ο

281 647 324 713 21
342 649 473 735 πρῶτον
493 648 555 734 μὲν
575 647 728 721 πελέκεας
749 646 885 726 στῆσεν,
908 639 1118 735 διάτᾶφρον
1140 640 1263 732 ὀρύξας
1384 685 1388 692 ·

272 762 321 815 121
340 751 424 817 πᾶσι
443 752 526 835 μίαν
546 745 693 838 μακρήν,
717 749 774 814 καί
795 751 849 817 ἐπὶ
871 744 1033 833 στάθμην
1054 746 1180 827 ίθυνεν,

340 851 430 944 ἀμφί
451 854 486 920 δὲ
507 863 610 938 μαῖαν
629 851 733 932 ἔναξε.
761 847 871 943 τάφος
893 849 924 918 δ’
943 853 994 918 ίλε
1015 845 1144 928 πάντας
1165 847 1314 932 ίδόντας,

341 955 385 1034 ὡς
406 952 573 1041 εὐκόσμως
593 958 710 1037 στῆσε·
731 952 839 1042 πάρος
861 952 891 1021 δ’
907 949 948 1021 σύ
969 949 1020 1020 τού
1041 951 1116 1020 ποτ’
1135 951 1268 1024 ἀπύσει.

341 1062 403 1140 στῆ
425 1057 457 1124 δ’
472 1053 527 1148 ἀρ’
546 1057 598 1125 ἐπ’
617 1054 718 1126 σύδάν
740 1055 813 1138 ίύν,
835 1061 892 1126 καὶ
914 1054 1013 1137 τόξου
1034 1053 1223 1142 πειρήτιζεν.

272 1171 324 1248 125
341 1165 413 1251 τρὶς
433 1166 494 1247 μίν
514 1185 573 1248 μιν
592 1160 763 1247 πελέμιξεν
783 1159 988 1250 ἐρύσσεσθαι
1009 1164 1197 1247 μενεαίνων,

340 1268 411 1354 τρὶς
433 1267 468 1332 δὲ
489 1267 619 1351 μεθῆκε
639 1267 732 1350 βίης,
752 1262 984 1351 ἐπιελπόμενος
1005 1261 1045 1331 τό
1066 1287 1103 1348 γε
1125 1265 1235 1348 θυμῷ,

340 1364 460 1455 νευρὴν
482 1364 670 1436 ἐντανύσειν
691 1365 904 1435 διοϊστεύσειν
926 1392 960 1434 τε
983 1364 1128 1455 σιδήρου.

340 1475 398 1538 καί
419 1468 460 1538 νύ
480 1495 516 1536 κε
539 1467 581 1551 δῆ
603 1469 634 1560 ῥ’
655 1468 811 1540 ἐτάνυσσε
833 1473 890 1562 βίη
911 1465 950 1537 τό
975 1475 1134 1558 τέταρτον
1156 1467 1309 1547 ἀνέλκων,

341 1572 414 1640 ἀλλ’
432 1569 585 1650 Ὀδυσεύς
606 1571 735 1640 ἀνένευε
755 1577 812 1639 καὶ
834 1576 972 1659 ίσηεθεν
991 1567 1123 1661 ίίμενόν
1145 1595 1215 1662 περ.

273 1687 324 1741 1³0
341 1686 411 1754 τοῖς
433 1675 463 1742 δ’
480 1667 572 1769 αὖτις
592 1673 733 1767 μετέειφ’
753 1671 824 1764 δερῆ
846 1676 877 1753 ἲς
905 1674 1111 1762 Τηλεμόχωο

349 1775 397 1845 «τό
418 1770 534 1866 πόποι,
556 1769 580 1860 ἦ
600 1782 658 1846 καὶ
678 1782 789 1846 ἔπειτα
810 1776 910 1858 κακός
931 1776 961 1846 τ’
980 1783 1098 1867 όσομαι
1118 1780 1174 1846 καὶ
1196 1773 1317 1857 ἄκικυς,

341 1881 380 1964 ῆὲ
400 1879 556 1971 νεώτερός
577 1889 642 1969 είμι
662 1885 721 1949 καὶ
741 1877 782 1950 ού
802 1907 852 1951 πω
871 1885 967 1973 χερσὶ
987 1885 1140 1950 πέποιθα

229 2046 232 2056 .
342 1981 436 2074 ἄνδρ’
458 1982 719 2071 ἀπαμύνασθαι,
741 1981 797 2052 ὅτε
819 2009 869 2063 τις
889 1983 1049 2074 πρότερος
1067 1980 1245 2075 χαλεπήνῃ.

341 2087 415 2155 ἀλλ’
434 2083 547 2174 ἄγεθ’,
570 2093 685 2177 οἵπερ
707 2094 796 2173 ἐμεῖο
819 2089 875 2181 βίη
897 2089 1154 2180 προφερέστεροί
1175 2091 1256 2166 ἐστι,

234 2257 239 2264 ,
274 2207 324 2260 ¹35
341 2189 441 2272 τόξου
460 2187 686 2280 πειρήσασθε,
706 2195 772 2259 καὶ,
784 2193 977 2278 ἐκτελέωμεν
999 2188 1160 2258 ἄεθλον.»

387 2289 431 2372 ὣς
453 2291 553 2362 είπιδν
571 2292 670 2376 τόξον
691 2299 752 2381 μὲν
773 2291 841 2362 ἀπὸ
865 2301 899 2362 ἕο
919 2298 1009 2377 θῆκε
1027 2295 1164 2382 χαμᾶζε,

341 2400 456 2477 κλίνας
472 2401 671 2491 ’κολλητῇσιν
693 2396 840 2491 ίυξέστῃς
863 2401 1062 2480 σανίδεσσιν,

342 2497 446 2567 αὐτοῦ
468 2498 498 2566 δ’
513 2498 581 2568 ὠκύ
598 2504 697 2585 βέλος
716 2505 801 2593 καλῇ
822 2504 1012 2588 προσέκλινε
1033 2497 1169 2593 κορύνη,

343 2598 395 2694 ἄψ
417 2600 448 2668 δ’
465 2594 557 2680 αὖτις
577 2602 644 2672 κατ’
664 2599 816 2692 ἄρ’ύζετ’
837 2607 890 2670 ὲπί
912 2602 1044 2694 θρόνου
1066 2607 1167 2671 ἔνθεν
1188 2601 1318 2681 ἀνέστη.

274 2716 325 2770 140
343 2713 449 2771 τοῖσιν
470 2703 500 2769 δ’
516 2705 843 2796 Ἀντίνοοςμιτέφη,
865 2705 1052 2787 Εὐπείθεος
1074 2703 1153 2786 υίός,

349 2803 513 2895 «ὄρνυσθ’
533 2806 637 2887 ἑξείης
657 2806 801 2887 ὲπιδίξια
822 2801 942 2890 πάντες
963 2817 1096 2899 ἑταῖροι,

284 2937 290 2944 ·
342 2905 523 2997 ἀρξόμενοι
543 2912 605 2977 τοῦ
622 2908 732 2999 χώρου
753 2908 841 2978 ὅθεν
863 2917 896 2978 τέ
919 2937 979 2999 περ
1003 2910 1210 2999 ολνοχοεύει.»
1299 2959 1301 2968 .

367 3010 432 3092 ’ἀς
452 3012 548 3106 ἔφατ’
563 3015 743 3095 Ἀντίνοος,
765 3023 872 3086 τοῖσιν
895 3014 924 3081 δ’
946 3014 1120 3098 ,ἐπιήνδανε
1142 3017 1264 3102 μῦθος.

342 3114 497 3199 Λειώδης
518 3121 552 3185 δὲ
574 3123 702 3208 πρῶτος
723 3117 900 3198 ἀνίστατο,
925 3117 1069 3198 θίνὀπος
1089 3116 1167 3198 υίός,

275 3232 326 3284 145
345 3217 365 3286 ὅ
387 3240 450 3309 σφι
469 3218 639 3300 θυοσκόος
659 3226 745 3302 ἔσκε,
768 3217 862 3310 παρά
884 3226 1031 3312 κρητῆρα
1049 3226 1089 3290 δὲ
1110 3218 1213 3288 καλόν

344 3317 389 3400 ἷζε
410 3324 708 3408 μιηζοίτατοςαίεί·
730 3322 941 3396 ἀτασθαλίαι
956 3328 999 3392 Ιδέ
1021 3329 1053 3392 οἱ
1075 3327 1135 3410 οίῳ
1257 3357 1261 3368 ν

343 3427 583 3514 ἐχθραὶόσαν,
603 3430 707 3492 πᾶσιν
728 3428 764 3493 δὲ
784 3431 928 3514 νεμέσσα
950 3427 1201 3516 μνηστήρεσσιν.
1283 3471 1285 3474 -

343 3525 382 3606 ὅς
403 3532 447 3615 ῥα
469 3524 544 3605 τότε
565 3530 693 3615 πρῶτος
714 3527 812 3610 τόξον
834 3529 916 3617 λάβε
938 3535 993 3599 καὶ
1016 3535 1112 3616 βέλος
1135 3527 1207 3596 ὠκύ.

344 3634 407 3713 στῆ
430 3631 460 3699 δ’
475 3628 530 3720 ἄρ’
548 3631 598 3698 ἐπ’
618 3630 718 3701 οὐδόν
740 3633 812 3716 λα’ν,
834 3641 891 3704 καὶ
911 3631 1221 3724 τόξουπειρηίνζεν,

275 3746 326 3798 150
344 3734 419 3802 ούδί
440 3759 499 3821 μιν
519 3733 690 3805 ἐντάνυσε·
712 3741 791 3828 πρίν
811 3735 876 3827 γάρ
899 3737 982 3826 κάμε
1000 3749 1115 3827 χεῖρας
1135 3731 1281 3805 ἀνέλκων
1332 3797 1335 3806 ,

343 3834 520 3922 ἀτρίπτους
541 3837 684 3922 ἁπαλοῖς.
711 3837 795 3926 μετά
818 3845 853 3910 δὲ
875 3845 1079 3930 μνηστῆρσιν
1101 3844 1205 3910 ἔειπεν

303 3979 310 3990 =
351 3931 399 4006 «ὦ
422 3944 529 4030 φίλοι,
551 3942 592 4010 οὐ
612 3948 672 4027 μὲν
694 3939 757 4029 ἐγὼ
780 3942 900 4024 τανύω,
922 3947 1049 4031 λαβέτω
1074 3949 1109 4012 δὲ
1131 3937 1319 4020 καὶᾶλλως.

344 4039 486 4122 πολλούς
507 4042 574 4134 μάρ
593 4044 668 4114 τόδε
691 4045 790 4128 τόξον
811 4047 973 4137 ἀριστῆας
994 4047 1163 4131 κεκαδήσει
1227 4072 1228 4078 “
