3259 4917
199 586 206 596 .
334 539 390 596 332?
714 541 951 600 ΟΔΥΣΣΕΙΛΣ
979 543 1010 598 Χ

274 697 319 766 22
334 692 474 777 είνάετες
501 693 666 787 Τρώεσσιν
687 693 836 788 ἐμάρναο
858 701 999 784 νωλεμὲς
1021 701 1095 780 αίεί,

334 794 478 878 πολλοάς
499 798 529 866 δ’
549 795 674 890 ἀνδρας
688 788 833 893 Ιίιτεφνες
854 807 890 868 έν
912 805 989 896 αίνῆ
1010 805 1167 886 δηιοτῆτι,

263 909 317 968 230
335 906 377 996 σῆ
392 901 428 972 ,δ’
447 900 515 986 ήλω
536 905 641 996 βουλῇ
662 901 823 993 Πριάμου
844 901 940 983 πόλις
963 903 1147 995 εὐρυάγυια.

333 1009 404 1086 πῶς
425 1002 467 1090 δή
489 1009 563 1086 νῦν,
586 1004 641 1074 ότε
663 1003 725 1076 σόν
746 1031 783 1094 γε
805 1003 912 1094 δόμον
932 1012 989 1078 καὶ
1009 1007 1161 1095 κτήμαθ’
1178 1006 1310 1098 ίκάυεις,

334 1104 420 1178 ἀντα
441 1106 639 1198 μνηστήρων
660 1108 842 1204 ὀλοφύρεαι
863 1106 1001 1198 άλκηιος
1023 1109 1124 1199 είναις
1246 1147 1249 1154 ·

335 1211 409 1280 ἀλλ’
428 1209 488 1299 άγε
510 1216 622 1301 δεῦρο,
642 1220 764 1295 πέπον,
784 1211 866 1302 παρ’
892 1214 942 1300 ἀμ’
959 1219 1159 1284 1ἴστασοιιοιὶ
1179 1204 1229 1286 ίδε
1250 1218 1370 1306 ἔργον,

334 1312 414 1409 ὄφρ’
433 1319 518 1408 είδῆς
540 1313 612 1396 οἶός
634 1343 686 1386 τοι
706 1325 742 1386 έν
763 1314 907 1406 ἀνδράσι
924 1317 1158 1406 ’δυσμενέεσσιν

264 1434 316 1486 225
335 1423 478 1509 Μέντωρ
499 1419 684 1508 Ἀλκιμίδης
704 1420 892 1508 εὐεργεσίας
913 1420 1112 1490 ἀποτίνειν.»
1140 1473 1145 1478 -
1246 1439 1248 1446 ’

378 1515 403 1605 ή
423 1525 484 1608 ῥα,
505 1528 561 1591 καὶ
584 1520 624 1595 οά
644 1551 696 1597 πω
717 1521 837 1612 πάγχυ
849 1525 943 1593 δίδου
963 1527 1138 1614 ἑτεραλκέα
1159 1527 1262 1609 νίκην,
1303 1571 1306 1576 -

311 1623 408 1697 ἀλλ’
427 1625 471 1693 δι’
490 1621 558 1715 ἀρα
580 1625 721 1706 σθένεός
741 1652 777 1694 τε
798 1631 856 1696 καὶ
877 1626 980 1710 ἀλκῆς
1001 1627 1182 1718 πειρήτιζεν
1300 1669 1304 1676 ·

333 1727 417 1814 ἡμίν
434 1728 614 1812 Ὀδυσσῆος
634 1728 688 1815 ήδ
705 1734 781 1798 υἱοῦ
800 1733 1003 1819 κυδαλίμοιο.

334 1830 418 1914 αὐτη
409 1830 471 1901 ’δ’
492 1831 755 1914 αίθαλόεντος’
736 1828 803 1902 ανδ
825 1832 984 1926 μεγάροιο
1006 1838 1237 1962 μέλαθρον

264 1955 317 2009 240
335 1934 412 2018 ἕζετ’
431 1935 614 2018 ἀναΐξασα,
632 1935 776 2062 χελιδόνι
799 1934 948 2020 είκέληί
925 1962 1039 2020 αντηυ.

372 2062 571 2129 μνηστηρας
592 2037 668 2107 δ
642 2066 762 2168 ιρτρυνε
784 2044 1039 2138 Δαμαστορίδης
1057 2042 1239 2128 Ἀγέλαος
1289 2061 1295 2068 ·

334 2139 528 2231 Εὐρύνομός
549 2169 584 2211 τε
604 2169 661 2212 και
650 2145 889 2236 Ἀμφιμέδων
911 2139 1168 2234 Δημοπτόλεμός
1189 2168 1223 2214 τε
1324 2193 1329 2200 .

333 2244 546 2336 Πείσανδρός
565 2273 602 2315 τε
623 2251 874 2338 Πολυκτορίδης
896 2247 1056 2336 Πόλυβός
1077 2272 1118 2318 τι
1135 2253 1299 2344 δαΐφρων·

334 2356 367 2419 οἱ
388 2347 453 2440 γάρ
473 2347 672 2442 μνηστήρων
694 2350 795 2445 ἀρετῆ
817 2357 898 2420 ίσαν
921 2352 1003 2441 ίξοχ’
1023 2350 1162 2443 ἀριστοι,

263 2471 316 2524 245
335 2452 432 2524 ὅσσοι
454 2454 499 2522 ἔτ’
518 2456 618 2536 ίζωον
638 2460 714 2545 περί
733 2481 769 2524 τε
790 2461 922 2550 ψυχέων
944 2456 1124 2546 ἐμάχοντο·

333 2555 411 2638 τοδς
433 2557 463 2642 δ’
482 2555 546 2640 ήδη
569 2556 736 2647 ἐδάμασσε
756 2558 832 2647 βιδς
853 2565 911 2630 καὶ
931 2568 1072 2684 ταρφέες
1094 2564 1149 2628 ίοί.
1205 2555 1208 2560 ’

333 2671 405 2740 τοῖς
426 2660 456 2728 δ’
474 2662 632 2748 Ἀγέλεως
646 2668 827 2749 μετέειπεν,
848 2667 924 2742 έπος
945 2663 1105 2732 πάντεσσι
1121 2659 1329 2788 πιφαύσκων,

340 2757 388 2831 «ὦ
410 2769 519 2857 φίλοι,
540 2760 604 2847 ήδη
627 2763 741 2852 σχήσει
762 2763 848 2856 ἀνήρ
868 2764 928 2835 όδε
946 2759 1061 2857 χεῖρας
1081 2764 1245 2844 ἀάπτους·

332 2872 390 2936 καὶ
412 2865 454 2950 δή
477 2873 509 2935 οἱ
533 2872 677 2956 Μέντωρ
698 2874 759 2957 μὲν
780 2873 841 2956 ίβη
863 2868 941 2938 κενοὶ
964 2867 1111 2958 εάγματα
1133 2868 1238 2954 ειπάν,

263 2990 316 3043 250
335 2977 366 3042 οί
390 2972 420 3041 δ’
439 2970 506 3040 οἶοι
524 2975 695 3055 λείπονται
715 2978 768 3042 ἐπὶ
788 2971 934 3061 πρώτῃσι
956 2973 1109 3068 θόρησιν.

332 3082 380 3164 τῷ
401 3080 462 3147 νῦν
482 3073 529 3166 μή
550 3075 624 3166 ἀμα
644 3076 766 3156 πάντες
787 3077 903 3172 ἀφίετε
926 3075 1074 3168 δούρατα
1095 3075 1215 3167 μακρά,

332 3181 407 3249 ἀλλ’
426 3177 527 3271 ἄγεθ’
546 3187 579 3248 οἱ
601 3178 637 3262 ἓξ
657 3186 789 3270 πρῶτον
810 3181 1013 3264 ἀκοντίσατ’,
1037 3183 1074 3250 αί
1095 3188 1130 3250 κέ
1152 3185 1241 3250 ποθι
1262 3178 1345 3259 Ζεός

333 3283 399 3378 δοίη
418 3284 585 3365 Ὀδυσσῆα
604 3287 761 3369 βλῆσθαι
781 3289 838 3353 καὶ
859 3290 957 3365 κῦδος
978 3285 1136 3376 ἀρέσθαι.
1258 3332 1267 3352 .

323 3378 400 3457 Ιτάν
421 3384 451 3455 δ’
470 3381 580 3453 ἀλλων
602 3385 642 3453 οὐ
662 3390 776 3469 κῆδος,
800 3385 882 3470 ἐπήν
904 3383 1062 3476 οὗτόςχγε
1082 3396 1227 3485 πέσῃσιν.
1235 3413 1253 3446 »ι
1329 3423 1331 3426 ·

136 3583 146 3593 1
262 3504 316 3556 255
379 3489 423 3572 δς
444 3487 566 3584 ἔφαθ’,
591 3494 624 3557 σι’
644 3487 676 3557 δ’
696 3487 764 3579 ἀρα
785 3489 906 3572 πάντες
928 3491 1107 3560 ἀκόντισαν
1129 3491 1173 3572 ὡς
1194 3497 1345 3575 ἐκέλευεν,

333 3602 470 3683 ἱέμενοι·
494 3591 536 3672 τά
558 3597 593 3662 δὲ
615 3591 726 3661 πάντα
748 3593 866 3664 ίτιίσια
888 3599 997 3678 θῆκεν
1008 3595 1147 3680 Ἀθήνη.

332 3703 399 3766 τῶν
420 3694 521 3777 ἀλλος
541 3702 603 3786 μὲν
624 3696 785 3784 σταθμόν
807 3704 990 3779 ἐυσταθέος
1011 3699 1189 3789 μεγάροιο-

332 3800 520 3888 βεβλήκειν,
542 3799 643 3879 ἀλλος
665 3805 700 3870 δὲ
722 3799 835 3890 θήρην
853 3809 993 3882 πυκινῶς
1015 3804 1195 3895 ἀραρυῖαν·

333 3900 437 3973 ἀλλου
459 3903 489 3970 δ’
508 3911 544 3972 έν
565 3909 664 3992 τοίχῳ
686 3909 782 3993 μελίη
802 3911 882 3974 πέσε
900 3908 1137 4030 χαλκοβάρεια.

263 4024 316 4080 250
318 3997 439 4110 αὐτάρ
461 4012 530 4075 ἐπεὶ
545 4005 593 4091 δή
616 4005 748 4099 δούρατ’
766 4007 927 4078 ἀλεάαντο
949 4009 1153 4099 μνηστήρων,

332 4139 404 4194 τοις
424 4111 489 4180 δ
472 4107 540 4198 άρα
561 4106 727 4200 μόθων
703 4140 783 4203 ηρχε
804 4113 970 4194 πολύτλας
990 4117 1063 4195 διες
1082 4111 1262 4195 Ὀδυσσεύς.
