3259 4917
319 532 354 585 ει
704 531 942 601 mmmm
971 535 991 585 υ

271 685 291 751 4
315 690 442 774 χαλκοῦ
463 712 496 754 τε
520 682 683 776 στεροπὴν
705 682 770 753 κάδ
791 684 929 773 δώματα
950 683 1094 773 ἠχήεντα

316 794 441 879 χρυσοῦ
464 776 490 857 τ’
512 790 668 875 ἠλέκτρου
691 816 724 857 τε
746 795 802 856 καὶ
824 788 970 878 ἀργύρου
990 788 1045 870 ἠδ’
1064 793 1254 881 ἐλέφαντος.

323 892 430 975 Ζηνός
451 920 516 961 που
536 892 646 976 τοιήδε
668 894 699 980 γ’
716 894 895 979 Ὀλυμπίου
918 896 1061 961 ένδοθεν
1082 891 1176 977 αύλή,

269 1011 302 1060 75
321 995 408 1065 ὅσσα
429 994 502 1063 τάδ’
522 994 649 1079 ἄσπετα
670 994 788 1065 πολλά.
817 998 920 1081 σέβας
939 996 974 1082 μ’
994 1000 1058 1082 ίχει
1080 994 1311 1085 εἰσορόωντα.»

365 1105 424 1168 τοῦ
445 1100 475 1167 δ’
490 1097 708 1187 ἀγορεύοντος
729 1098 842 1179 ξύνετο
865 1096 997 1180 ξανθὸς
1020 1103 1201 1179 Μενέλαος,

320 1207 377 1271 καί
398 1226 503 1295 σφεας
526 1199 683 1295 φωνήσας
705 1206 783 1271 ἔπεα
804 1199 984 1291 πτερόεντα
1004 1200 1185 1291 προσηύδα.

328 1313 445 1375 «τέκνα
467 1306 551 1400 φίλ’,
575 1303 649 1387 ἠτοι
671 1310 754 1388 Ζηνὶ
776 1308 908 1394 βροτῶν
931 1304 1054 1378 ούκ-ἀν
1075 1332 1125 1385 τις
1146 1307 1261 1391 ἐρίζοι·

322 1409 495 1477 ἀθάνατοι
515 1405 579 1497 γάρ
601 1415 662 1477 τοῦ
682 1435 718 1497 γε
742 1407 840 1496 δόμοι
861 1413 916 1476 καὶ
938 1408 1075 1494 κτήματ’
1095 1414 1216 1477 ἔασιν·

269 1527 303 1577 80
321 1513 450 1599 ἀνδρῶν
474 1509 542 1594 δ’,ἠ
564 1518 618 1580 κέν
640 1516 689 1591 τίς
711 1538 768 1597 μοι
790 1516 954 1600 ἐρίσσεται
976 1513 1014 1594 ἠέ
1036 1517 1091 1579 καὶ
1114 1513 1187 1600 οὐκί
1245 1534 1249 1541 ·

321 1612 491 1702 κτήμασιν.
523 1608 545 1698 ἠ
565 1611 630 1703 γάρ
652 1612 761 1683 πολλά
781 1612 906 1682 παθόν
927 1620 984 1681 καὶ
1005 1614 1099 1685 πόλλ’
1119 1618 1312 1712 έπαληθείς,

321 1718 495 1805 ἠγαγόμην
517 1726 552 1785 ὲν
573 1724 684 1801 νηυσί,
706 1723 761 1785 καὶ
785 1718 935 1805 ὀγδοάτῳ
957 1722 1021 1785 έτει
1041 1710 1162 1800 ἦλθον,

322 1821 462 1913 Κύπρον
488 1826 647 1904 Φοινίκην
668 1848 701 1895 τε
723 1826 779 1889 καὶ
801 1826 1003 1909 Αίγυπτίους
1024 1826 1214 1903 ἐπαληθείς,

322 1922 498 2003 Αἰθίοπάς
519 1926 560 1990 δ’
579 1923 697 2011 ἱκόμην
718 1930 776 1995 καὶ
796 1928 978 2003 Σιδονίους
999 1930 1055 1992 καί
1073 1923 1253 2011 Ϊίιρεμβούς

269 2040 304 2090 85
322 2033 377 2095 καὶ
400 2026 549 2113 Λιβύην,
572 2034 628 2093 ίνα
651 2028 679 2094 τ’
700 2025 797 2118 ἀρνες
819 2025 914 2118 ἀφαρ
935 2033 1049 2117 κεραοὶ
1071 2033 1279 2096 τελέθουσιν·
1347 2062 1373 2105 ‚⁴

322 2136 392 2221 τρὶς
414 2128 478 2218 γάρ
501 2136 599 2197 τίκτει
620 2136 710 2217 μῆλα
731 2129 934 2223 τελεσφόρον
956 2140 1001 2210 εὶς
1022 2130 1180 2199 ἐνιαυτόν.

199 2238 203 2245 “
323 2238 411 2301 ένθα
432 2239 492 2320 μέν
515 2230 588 2303 ούτε
611 2230 696 2315 ἀναξ
717 2231 865 2315 ἐπιδευής
886 2231 961 2303 ούτε
984 2262 1016 2302 τι
1037 2234 1162 2321 ποιμήν

322 2343 422 2428 τυροῦ
443 2342 499 2405 καὶ
521 2341 649 2426 κρειῶν,
673 2338 746 2407 οὐδὲ
768 2341 938 2428 γλυκεροῖο
960 2337 1133 2425 γάλακτος,

323 2441 396 2507 ἀλλ’
416 2445 480 2509 αίεὶ
501 2446 699 2531 παρέχουσιν
720 2440 901 2522 ἐπηετανόν
922 2441 1010 2528 γάλα
1033 2445 1180 2524 θῆσθαι.
1256 2526 1268 2538 ·

272 2557 305 2608 90
324 2552 382 2621 ἕως
404 2540 465 2630 ὲγά
487 2548 561 2630 περὶ
582 2557 676 2635 κεῖνα
695 2540 799 2611 πολύν
820 2549 937 2631 βίοτον
958 2551 1159 2634 συναγείρων
1262 2551 1267 2559 “

324 2644 472 2733 ἠλώμην,
494 2650 586 2723 τείως
608 2672 666 2732 μοι
687 2647 851 2743 ἀδελφεὸν
872 2645 974 2727 ἀλλος
995 2653 1133 2740 ἔπεφνεν
1202 2721 1207 2737 ,

322 2746 450 2840 λάθρῃ,
473 2748 622 2830 ἀνωιστί,
645 2749 731 2836 δόλῳ
754 2752 934 2840 ούλομίνης
955 2751 1106 2838 ἀλόχοιο·

324 2847 367 2929 ὣς
389 2848 428 2918 ού
449 2876 482 2919 τι
499 2857 625 2943 χαίρων
647 2859 756 2923 τοῖσδε
778 2854 967 2923 κτεάτεσσιν
987 2852 1131 2944 ἀνάσσω.

323 2959 379 3021 καὶ
400 2962 550 3043 πατέρων
571 2956 649 3024 τάδε
671 2959 795 3045 μέλλετ’
816 2960 989 3045 ἀκουέμεν,
1012 2965 1048 3026 οί
1068 2983 1153 3037 τινες
1173 2956 1250 3045 ύμιν

273 3075 306 3127 95
325 3062 420 3139 είσίν,
442 3064 511 3127 ἐπεὶ
532 3058 626 3147 μάλα
646 3060 741 3129 πόλλ’
761 3067 909 3142 ἔπαθον,
931 3066 987 3128 καὶ
1008 3060 1163 3130 ἀπύλεσα
1185 3059 1277 3129 οἶκον

325 3154 360 3229 εὖ
381 3159 475 3249 μάλα
496 3162 706 3247 ναιετάοντα,
729 3163 912 3253 κεχανδότα
933 3160 1041 3232 πολλά
1063 3169 1120 3233 καὶ
1141 3165 1262 3233 ἐσθλά.

324 3256 370 3329 ὧν
392 3260 515 3353 ὄφελον
535 3267 690 3353 τριτάτην
712 3294 771 3359 περ
795 3274 876 3355 ἔχων
897 3276 933 3335 έν
954 3264 1085 3356 δαίμοσι
1105 3280 1228 3354 μοῖραν

323 3370 442 3447 ναίειν,
466 3374 498 3434 οί
521 3368 550 3435 δ’
566 3365 683 3457 ἀνδρες
705 3370 778 3438 σόοι
797 3377 938 3457 ἔμμεναι
959 3372 993 3438 οἳ
1015 3366 1081 3437 τότ’
1101 3366 1220 3438 ’ὄλοντο

314 3474 430 3561 ,Τροίη
453 3478 488 3537 έν
511 3470 628 3565 εύρείγ,
650 3471 726 3550 έκάς
745 3475 877 3562 Ἄργεος
897 3471 1103 3559 ἱπποβότοιο.

256 3586 306 3639 100
324 3572 397 3641 ἀλλ’
416 3578 520 3660 έμπης
541 3572 668 3654 πάντας
689 3580 749 3662 μέν
771 3575 970 3666 ὀδυρόμενος
990 3580 1048 3643 καὶ
1068 3574 1194 3663 ἀχεύων

322 3676 479 3756 πολλάκις
500 3686 536 3745 ὲν
556 3676 729 3767 μεγάροισι
750 3677 943 3765 καθήμενος
963 3679 1169 3768 ἡμετέροισιν

323 3774 439 3845 ἀλλοτε
462 3787 522 3865 μέν
543 3808 578 3849 τε
600 3780 667 3867 γόοι
690 3789 797 3872 φρένα
818 3790 994 3869 τέρπομαι,
1017 3779 1135 3849 ἀλλοτε
1158 3775 1187 3849 δ’
1204 3772 1282 3849 αύτε
1334 3844 1339 3853 .

322 3878 486 3967 παύομαι·
509 3881 654 3973 αὶψηρός
677 3888 711 3952 δὲ
732 3884 831 3973 κόρος
852 3899 1002 3976 κρυεροῖο
1023 3882 1126 3971 γόοιο.

324 3986 390 4049 τῶν
411 3982 543 4050 πάντων
566 3986 606 4052 ού
626 3985 750 4056 τόσσον
772 3988 948 4077 ὀδύρομαι,
975 3984 1156 4076 ἀχνύμενός
1175 4011 1246 4077 περ,

257 4102 306 4154 1⁰5
325 4084 368 4163 ὡς
390 4084 476 4167 ἑνός,
499 4084 536 4166 ὅς
558 4093 591 4155 τέ
614 4114 672 4173 μοι
693 4087 797 4162 ὕπνον
820 4090 1022 4182 ἀπεχθαίρει
1040 4096 1097 4161 καί
1118 4086 1245 4171 ἐδωδήν
