3259 4917
329 452 384 508 Μ
714 450 954 509 mmm
979 452 1007 505 Τ

277 606 393 691 19τήν
413 611 474 695 μέν
496 602 551 697 ἀρ’1
570 604 636 675 οὐτ’
657 607 787 697 ἀνέμων
809 603 887 689 διάη
909 611 1009 695 μένος
1027 602 1132 697 ὐχρὸν
1153 603 1287 688 ἀέντων,

262 724 313 775 441
334 708 408 781 οὐτε
430 736 487 798 μιν
508 710 618 793 ήέλιος
639 715 782 805 φαέθων
803 709 933 779 ἀκτῖσιν
953 712 1105 796 ἐβαλλεν,

334 810 402 883 οὐτ’
422 812 550 905 ὄμβρος
569 813 734 904 περάασκε
756 816 945 903 διαμπερές·
969 810 1013 893 είς
1034 810 1105 900 ἀρα
1123 811 1230 896 πυκνή

333 910 406 1001 ήεν,
427 914 513 1007 άτάρ
527 916 677 1010 ,φύλλων
691 924 784 1000 ἐνέην
803 911 897 1005 χύσίς
917 913 1027 1000 ήλιθα
1047 914 1166 1000 πολλή.

281 1078 284 1083 Α
334 1017 393 1089 τὸν
415 1020 445 1089 δ’
465 1020 595 1111 ἀνδρῶν
615 1047 650 1090 τι
672 1026 778 1089 κυνῶν
800 1046 836 1091 τε
856 1025 932 1108 περὶ
952 1019 1074 1101 κτύπος
1093 1013 1183 1104 ήλθε
1205 1023 1348 1101 ποδοῖιν,

263 1134 315 1185 445
334 1124 378 1203 ὡς
399 1123 575 1212 ἐπάγοντες
597 1128 740 1213 ἐπῇσαν·
762 1124 782 1193 ὁ
805 1124 834 1193 δ
850 1124 964 1205 ἀντίος
983 1130 1021 1191 ἐκ
1042 1122 1202 1211 ξυλόχοιο,

334 1229 455 1322 φρίξας
477 1221 513 1297 εὐ
535 1228 679 1322 λοφιήν,
692 1234 757 1320 πῦρ
781 1227 1043 1321 δ”ὐφθαλμιοῖσι
1065 1227 1234 1316 δεδορκώς,

335 1335 399 1414 στή
420 1333 453 1419 ῥ’
469 1332 577 1402 αὐτῶν
599 1330 772 1420 σχεδόθεν.
785 1332 821 1399 .ὁ
845 1332 875 1399 δ’
891 1328 959 1421 ἀρα
980 1329 1163 1421 πρώτιστος
1181 1328 1355 1409 Ὀδυσσεύς

335 1437 443 1504 ἔσσυτ’
462 1434 688 1523 ἀνασχόμενος
710 1432 843 1524 δολιχόν
864 1434 946 1528 δόρυ
963 1440 1049 1525 χειρὶ
1069 1441 1195 1528 παχείῃ,
1273 1466 1296 1513 ,-

335 1535 513 1626 οὐτάμεναι
534 1539 682 1625 μεμαάς·
705 1540 724 1609 ὁ
748 1543 783 1607 δέ
805 1564 863 1626 μιν
885 1537 1203 1632 φθάμενοςέλασεν
1224 1540 1284 1616 σῦς
1358 1620 1364 1632 ι

264 1655 318 1707 450
335 1637 453 1727 γουνὸς
472 1638 567 1731 ὕπερ,
588 1639 714 1710 πολλόν
736 1646 770 1710 δὲ
793 1640 936 1736 διήφυσε
955 1638 1078 1731 σαρκὸς
1099 1640 1211 1715 ὀδόντι
1311 1676 1338 1731 '.

335 1748 479 1835 λικριφὶς
499 1744 611 1828 ἀίξας,
634 1746 704 1815 οὐδ’
724 1746 843 1815 ὀστέον
864 1752 950 1815 ίκετο
973 1743 1094 1838 φωτός.

335 1842 395 1915 τόν
417 1848 446 1914 δ’
463 1845 616 1929 Ὀδυσεύς
637 1846 756 1933 οὔτησε
777 1845 882 1937 τυχάν
901 1846 988 1917 κατά
1011 1845 1118 1931 δεξιὸν
1140 1841 1240 1936 ὦμον,

336 1945 470 2036 ἀντικρύ
492 1953 526 2019 δέ
548 1955 668 2035 διῆλθε
691 1956 832 2046 φαεινοῦ
854 1950 973 2043 δουρὸς
994 1950 1121 2035 ἀκωκή·

336 2049 401 2120 κάδ
421 2054 450 2121 δ’
469 2055 557 2123 έπεσ’
576 2063 611 2125 ἐν
632 2061 758 2150 κονίῃσι
778 2054 908 2143 μακάν,
929 2050 998 2123 ἀπὸ
1021 2056 1050 2122 δ’
1071 2052 1343 2143 έπτατοθυμός-

266 2169 318 2220 455
337 2152 396 2225 τὸν
417 2163 478 2245 μέν
499 2155 553 2247 ἀρ’
572 2158 765 2229 Αὐτολύκου
786 2162 902 2239 παῖδες
924 2163 1019 2251 φίλοι
1040 2158 1280 2253 ἀμφεπένοντο,

337 2258 472 2343 ὠτειλήν
494 2260 523 2329 δ’
537 2262 699 2346 Ὀδυσῆος
721 2259 891 2351 ἀμύμονος
913 2262 1086 2331 ἀντιθέοιο
1356 2258 1362 2263 ’

338 2366 444 2445 δῆσαν
466 2372 703 2455 ἐπισταμένως,
724 2370 863 2461 ἐπαοιδῇ
885 2365 915 2434 δ’
935 2365 1020 2453 αἷμα
1039 2364 1192 2434 κελαινόν

338 2471 494 2553 ἔσχεθον,
517 2466 605 2561 αἶψα
628 2470 657 2537 δ’
676 2477 787 2539 ἵκοντο
811 2474 913 2562 φίλον
933 2466 1017 2558 πρὸς
1037 2464 1176 2555 δείματα
1196 2469 1332 2561 πατρός.

337 2567 397 2637 τὸν
417 2575 478 2657 μὲν
499 2568 552 2661 ἀρ’
571 2570 763 2651 Αὐτόλυκός
783 2599 819 2640 τε
840 2578 897 2641 καὶ
917 2580 1001 2653 υἱέες
1021 2570 1227 2645 Αὐτολύκοιο

267 2684 320 2769 400
339 2664 374 2739 εὐ
396 2670 568 2758 λησόμενοι
590 2674 643 2757 ἠδ’
662 2673 773 2763 ἀγλαά
795 2679 886 2767 δῶρα
908 2674 1067 2767 πορόντες

338 2779 551 2864 καρπαλίμως
568 2782 731 2867 χαίροντα
755 2783 866 2873 φίλην
875 2786 1050 2870 χαίροντες
1070 2783 1217 2869 ἔπεμπον

339 2886 383 2957 είς
401 2877 550 2962 Ἰθάκην.
580 2886 627 2969 τῷ
648 2889 709 2972 μέν
730 2888 775 2971 ῥα
797 2882 908 2974 πατήρ
931 2889 987 2952 καὶ
1008 2882 1143 2958 πότνια,
1150 2881 1266 2974 μήτηρ

334 2993 454 3073 χαῖρον
476 2984 690 3069 νοστήσαντι,
713 2992 770 3057 καὶ
792 2986 968 3075 ἐξερέεινον
990 2997 1120 3070 έκαστα,

338 3084 440 3170 οὐλήν
463 3086 482 3156 ὅ
504 3116 555 3157 ττι
575 3088 703 3159 πάθοι·
726 3091 745 3159 ὁ
769 3090 799 3157 δ’
815 3087 884 3179 άρα
905 3097 1022 3183 σφίσιν
1043 3086 1079 3160 εὖ
1101 3090 1269 3172 κατέλεξεν

268 3200 319 3251 405
339 3188 382 3266 ὥς
403 3214 460 3276 μιν
482 3192 660 3281 θηρεύοντ’
680 3198 801 3264 έλαεεν
818 3201 876 3275 σῦς
898 3184 1003 3281 λευκῷ
1021 3194 1142 3277 ὀδόντι,

338 3291 556 3379 Παρνησόνδῗ
575 3294 722 3363 ἐλθόντα
745 3296 938 3367 σύυυίάσιυ
959 3297 1174 3369 Αὐτολύκοιο.

382 3390 443 3478 τήν
464 3392 566 3488 γρηῢς
584 3403 727 3487 χείρεσσι
748 3409 994 3489 καταπρηνέσσι
1015 3406 1169 3488 λαβοῦσα
1210 3452 1216 3465 x
1289 3455 1295 3461 -

339 3504 407 3585 γνῶ
430 3499 461 3587 ῥ’
481 3508 747 3590 ἐπιμασσαμένη,
768 3502 858 3573 πόδα
880 3507 915 3573 δέ
936 3512 1075 3595 προέηκε
1098 3508 1274 3597 φέρεσθαι.

340 3609 375 3669 ἐν
398 3606 431 3671 δὲ
454 3608 566 3693 λέβητι
586 3613 664 3677 πέσε
686 3603 807 3693 κνήμη,
829 3607 996 3697 κανάχησε
1019 3613 1054 3686 δὲ
1072 3603 1203 3696 χαλκός,

270 3713 322 3766 470
341 3700 393 3795 ἀφ
416 3706 443 3772 δ’
463 3712 594 3799 ἐτέρωσ’
613 3714 749 3791 ἐκλίθη·
772 3708 810 3777 τὸ
834 3710 864 3779 δ’
883 3716 937 3779 ἐπὶ
955 3708 1087 3799 χθονός
1109 3712 1242 3799 ἐξέχυθ’
1259 3707 1367 3794 ὕδωρ,

339 3804 402 3891 τήν
425 3811 454 3876 δ’
475 3806 545 3899 άμα
564 3812 679 3903 χάρμα
701 3818 757 3881 καὶ
779 3811 881 3900 άλχος
902 3816 953 3881 έλε
976 3821 1098 3907 φρένα,
1120 3811 1166 3881 τά
1190 3818 1224 3881 δέ
1246 3820 1280 3882 οί
1302 3809 1381 3881 όσσε

341 3912 514 4006 δακρυόφι·
524 3921 694 3999 πλῆσθεν,
715 3916 847 4006 θαλερή
869 3920 905 3985 δέ
928 3923 959 3984 οί
982 3906 1093 4006 ἐσχετο
1115 3916 1221 4011 φωνή.

341 4014 499 4106 άιμαμένη
522 4022 556 4086 δέ
577 4024 703 4106 γενείου
722 4020 889 4103 Ὀδυσσῆα
910 4029 1100 4111 προσέειπεν
