3259 4917
332 549 384 602 178
713 545 949 606 ,ΟΛΥΣΣΕΙΔΣ
977 549 1002 599 Λ

274 705 312 770 11
331 699 459 769 ἑσταότ’
480 709 514 768 έν
537 705 647 792 λίμνη·
670 699 691 781 ἡ
715 701 749 766 δέ
771 701 974 784 προσέπλαζε
996 703 1082 783 γεκεί
1109 748 1117 763 .
1174 733 1180 740 ·

333 809 446 872 στεῦτο
471 807 504 871 δὲ
527 801 672 894 διψάων,
694 807 794 870 πιέειν
816 801 926 870 δὀὐκ
947 799 1031 888 εἶχεν
1052 804 1208 867 έλέσθαι·
1315 797 1340 859 ›'

264 925 315 974 585
333 907 452 976 ὁσσάκι
463 902 537 993 ’γάρ
560 903 666 996 κύψει’
688 904 706 972 ὁ
729 911 833 990 γέρων
854 910 955 971 πιέειν
975 908 1164 988 μενεαίνων,

333 1007 470 1096 τοσσάχ’
489 1007 574 1096 ὕδωρ
598 1007 787 1075 ἀπολέσκετ’
807 1007 1006 1094 ἀναβροχέν,
1029 1007 1118 1098 ἀμφὶ
1141 1010 1175 1074 δέ
1198 1011 1319 1074 ποσσίν

334 1123 413 1198 γαῖα
435 1115 574 1196 μέλαινα
597 1110 755 1203 φάνεσκε,
777 1108 1003 1190 καταζήνασκε
1025 1112 1060 1176 δι’
1083 1113 1220 1195 δαίμων.

335 1217 468 1299 δένδρεα
491 1213 521 1280 δ’
540 1206 726 1300 εἰψιπέτηλα
748 1210 834 1278 κατά
856 1215 984 1297 κρῆθεν
1002 1220 1056 1298 χέε
1078 1210 1215 1299 καρπόν,

335 1316 451 1403 ὄγχναι
472 1321 527 1383 καλ
550 1320 639 1401 ῥοιαὶ
660 1321 717 1382 καὶ
739 1320 858 1401 μηλέαι
879 1312 1109 1400 ἀγλαόκαρποι

266 1441 317 1492 590
336 1427 446 1488 συκέαι
469 1445 502 1484 τε
525 1423 678 1506 γλυκεραὶ
699 1423 755 1485 καὶ
778 1423 887 1484 ἐλαῖαι
907 1415 1135 1498 τηλεθόωσαι·

334 1526 399 1588 τᾶν
423 1519 516 1588 ὁπότ’
536 1519 658 1586 ἰθύσει’
678 1519 696 1586 ὁ
720 1527 823 1608 γέρων
844 1524 897 1586 έπλ
916 1524 1011 1606 χερσὶ
1031 1517 1223 1604 μάσασθαι,

334 1621 394 1701 τάς
417 1624 445 1690 δ
466 1619 586 1708 ἀνεμος
608 1628 765 1708 ῥίπτασκε
788 1627 864 1690 ποτὶ
886 1629 990 1713 νέφεα
1012 1621 1173 1692 σκιόεντα.

378 1731 433 1796 καὶ
455 1722 522 1812 μήν
544 1727 703 1816 Σίσυφον
726 1729 864 1792 ελσεῖδον
885 1726 1013 1813 κρατέρ’
1034 1723 1125 1812 ἄλγε’
1145 1730 1270 1812 έχοντα,

336 1834 423 1896 λᾶαν
444 1826 655 1914 βαστάζοντα
676 1827 835 1922 πελώριον
858 1827 1093 1921 ἀμφοτέρῃσιν.

266 1958 317 2008 595
335 1931 409 2014 ἤτοι
431 1933 449 1999 ὁ
472 1936 531 2017 μὲν
554 1930 814 2019 σκηριπτόμενος
832 1938 947 2020 χερσίν
969 1957 1002 1998 τε
1025 1935 1126 1998 ποσίν
1147 1956 1182 1997 τε

335 2039 421 2101 λᾶαν
443 2031 511 2102 ἀνω
534 2030 661 2100 ἀθεσκε
683 2038 760 2100 ποτὶ
782 2033 906 2124 λόφον·
928 2034 1077 2101 ἀλλ’ὅτι
1099 2034 1212 2118 μέλλοι
1296 2081 1300 2087 ·
1357 2083 1362 2090 .
1398 2099 1403 2114 ,

251 2141 257 2152 ’
335 2135 437 2227 ἀκρον
458 2136 685 2226 ὑπερβαλέειν,
708 2135 775 2203 τότ’
795 2136 1050 2228 ἀποστρέψασκε
1072 2142 1238 2227 κραταιίς·

186 2231 191 2240 ’
281 2299 287 2306 .
336 2235 428 2319 αὖτις
450 2246 558 2307 έπειτα
581 2237 717 2311 πέδονδε
739 2243 906 2310 κυλίνδετο
934 2245 1019 2319 λᾶας
1039 2238 1188 2322 ἀναιδής.

316 2375 319 2392 ·
339 2341 445 2433 αὐτάρ
461 2342 488 2421 ,ό
511 2347 542 2429 γ’
562 2342 615 2437 ἀιγ
637 2341 764 2412 ὤσασκε
786 2342 1023 2429 τιταινόμενος,
1045 2338 1131 2409 κατά
1154 2341 1184 2408 δ’
1204 2338 1300 2428 ἱδρώς

267 2467 318 2518 600
337 2453 443 2536 έρρεεν
465 2455 499 2512 έκ
521 2451 657 2532 μελέων,
679 2453 773 2528 κονίη
797 2447 827 2512 δ’
848 2456 883 2513 έκ
904 2443 1024 2535 κρατός
1047 2444 1174 2532 όριόρει.

379 2546 437 2616 τόν
461 2553 494 2616 δέ
516 2549 588 2636 μετ’
608 2549 781 2630 εἰσενόησα
801 2554 881 2634 βίην
899 2550 1132 2639 Ἡρακληείην,

337 2653 486 2719 ε’ίδωλον·
510 2649 613 2728 αὐτός,
632 2657 666 2719 δέ
687 2652 757 2738 μετ’
778 2651 984 2719 ἀθανάτοισι
1005 2656 1138 2718 θεοῖσιν

242 2767 247 2774 “
337 2752 488 2842 τέρπεται
509 2763 544 2822 έν
566 2759 689 2846 θαλίης
710 2760 766 2822 καὶ
789 2761 851 2841 ἔχει
874 2760 1100 2845 καλλίσφυρον
1115 2750 1238 2835 Ἥβην.
1312 2787 1316 2796 ’

268 2874 318 2925 605
336 2854 425 2946 ἀμφὶ
448 2855 483 2922 δι’
504 2880 562 2944 μιν
582 2854 707 2942 κλαγγὴ
731 2857 849 2926 νεκύων
870 2851 913 2940 ἦν
935 2861 1059 2924 οίωνῶν
1081 2855 1133 2935 ὥς,

337 2956 475 3025 πάντοσ’
495 2959 715 3046 ἀτυζομένων·
740 2961 757 3028 ὁ
782 2963 810 3028 δ’
831 2966 947 3053 ἐρεμνῇ
969 2964 1059 3027 νυκτὶ
1082 2957 1202 3036 ἐοικός,

337 3058 461 3148 γυμνόν
483 3061 581 3144 τόξον
603 3068 683 3150 έχων
704 3069 761 3131 καὶ
783 3070 836 3132 ἐπὶ
857 3070 1016 3153 νευρῆφιν
1038 3060 1160 3142 ὀιστόν,

337 3161 445 3232 δεινόν
466 3172 673 3248 παπταίνων,
697 3173 761 3234 αίεὶ
782 3164 938 3253 βαλέοντι
959 3163 1079 3242 ἐοικώς.

338 3267 538 3356 σμερδαλέος
559 3267 593 3335 δέ
618 3277 648 3335 οἱ
671 3271 759 3361 ἀμφὶ
782 3273 857 3357 περὶ
877 3267 1061 3350 στήθεσσιν
1082 3264 1208 3354 ἀορτήρ

269 3390 320 3441 610
335 3367 472 3456 χρύσεος
494 3363 535 3450 ἦν
558 3370 719 3456 τελαμών,
743 3379 799 3440 ίνα
821 3375 968 3439 θέσκελα
990 3377 1070 3458 έργα
1091 3377 1232 3448 τέτυκτο,
1272 3450 1275 3460 ,

338 3469 451 3562 ἀρκτοι
474 3472 504 3539 τ’
525 3469 698 3563 ἀγρότεροί
720 3499 754 3541 τε
777 3474 852 3554 σύες
870 3479 1015 3562 χαροποί
1037 3487 1071 3540 τε
1092 3478 1228 3551 λέοντες,

336 3576 473 3662 ὑσμῖναί
494 3601 528 3643 τε
550 3577 655 3665 μάχαι
676 3602 710 3644 τε
733 3576 834 3668 φόνοι
856 3579 882 3644 τ’
905 3578 1142 3663 ἀνδροκτασίαι
1163 3599 1207 3640 τε.

337 3676 383 3765 μή
405 3679 644 3768 τεχνησάμενος
665 3682 741 3769 μηδ’
761 3679 843 3748 ἀλλο
865 3707 897 3747 τι
918 3680 1120 3768 τεχνήσαιτο,

339 3778 375 3858 ὃς
397 3794 504 3849 κεῖνον
526 3787 698 3871 τελαμῶνα
720 3790 756 3874 έῇ
779 3783 961 3869 ἐγκάτθετο
985 3789 1089 3874 τέχνη

269 3901 320 3952 615
338 3887 419 3968 έγνω
442 3885 472 3950 δ’
489 3886 606 3952 αὐτίκα
628 3897 747 3966 κεῖνος,
770 3893 842 3972 ἐπεὶ
861 3887 929 3953 ίδεν
951 3885 1193 3977 ὀφθαλμοῖσιν,

374 4111 424 4163 604
445 4113 525 4162 παῖδα
544 4087 608 4172 Διός
624 4110 747 4180 μεγάλοιο
767 4115 811 4166 καὶ
826 4110 908 4184 Ἤρης
922 4080 1123 4185 χρυσοπεδίλου.
