3259 4917
565 594 569 599 ,
624 526 862 583 omnm
887 530 914 580 rr

182 676 318 747 195155
339 704 371 745 τι
393 677 555 767 κηρύκων,
578 683 612 748 οἳ
633 684 824 768 δημιοεργοὶ
845 685 953 749 έασιν·

167 797 223 848 136
243 781 316 849 ἀλλ’
334 781 455 864 ’(ίδυσῆ
475 787 650 852 ποθέουσα
673 788 774 875 φίλον
794 781 1022 870 κατατήκομαι
1043 776 1133 873 ἦτορ.

201 910 207 931 ·
243 892 275 953 ol
297 889 332 953 δὲ
353 882 462 973 γάμον
485 884 694 955 σπεύδουσιν·
716 886 777 972 ἐγώ
800 890 835 954 δὲ
857 886 974 966 δόλους
995 885 1169 955 τολυπεύω.
1214 890 1218 895 ’

243 992 354 1080 φᾶρος
375 995 435 1073 μέν
454 1014 514 1073 μοι
535 994 666 1076 πρῶτον
687 996 854 1057 ἐνέπνευσε
876 994 976 1080 φρεάι
996 994 1133 1076 δαίμων,

245 1097 430 1184 στησαμένῃ
452 1092 556 1179 μέγαν
576 1090 685 1171 ἱστόν,
708 1098 757 1159 ἐνὶ
777 1091 971 1179 μεγάροισιν
991 1093 1151 1185 ὑφαίνειν,

171 1204 224 1255 140
243 1190 363 1261 λεπτόν
384 1198 440 1261 καὶ
461 1190 671 1283 περίμετρον·
694 1194 794 1287 ἀφαρ
812 1196 843 1261 δ’
858 1195 971 1273 αὐτοῖς
991 1203 1161 1283 μετέειπον

252 1302 380 1385 «κοῦροι
402 1301 475 1382 ἐμοὶ
496 1302 691 1387 μνηστῆρες,
715 1304 782 1366 ἐπεὶ
805 1298 895 1366 θάνε
917 1302 987 1378 διας
1010 1298 1188 1380 Ὀδυσσεύς,

245 1401 374 1487 μίμνετ’
393 1398 595 1487 ἐπειγόμενοι
615 1400 675 1469 τόν
696 1399 777 1489 ἐμόν
798 1400 920 1489 γάμον,
943 1410 988 1481 είς
1010 1399 1029 1469 ό
1051 1426 1087 1469 κε
1108 1408 1218 1493 φᾶρος
1256 1438 1263 1445 f
1349 1427 1353 1433 ⁴

246 1508 414 1583 ἐκτελέσω,
437 1502 483 1588 μή
505 1530 563 1590 μοι
583 1504 777 1593 μεταμώνια
795 1506 916 1593 νήματ’
935 1502 1061 1587 ὄληται,

246 1594 383 1699 Λαέρτῃ
404 1604 486 1694 ἥρωι
508 1606 666 1698 ταφήιον,
688 1616 734 1687 είς
755 1607 810 1676 ὅτε
832 1615 888 1677 κέν
908 1633 966 1695 μιν

175 1722 228 1773 145
241 1709 337 1799 μοῖρ’
357 1705 438 1793 ὀλοή
460 1714 623 1803 καθέλῃσι
642 1716 838 1798 τανηλεγέος
859 1710 1042 1782 θανάτοιο·

249 1810 296 1899 μή
318 1818 367 1904 τίς
388 1839 452 1898 μοι.
466 1810 551 1881 κατά
574 1818 680 1902 δῆμον
700 1815 893 1903 Ἀχαιιάδων
913 1813 1083 1908 νεμεσήσῃ,

249 1917 286 1984 αἰ’
304 1941 360 1983 κεν
381 1913 459 2006 ἀτερ
482 1922 618 2005 σπείρου
638 1924 734 2004 κῆται
756 1915 866 1987 πολλά
886 1924 1105 1995 κτεατίσσας·

249 2016 292 2097 ὣς
314 2016 461 2112 ἐφάμην,
482 2035 588 2099 τοῖσιν
612 2021 641 2088 δ’
661 2026 854 2090 ἐπεπείθετο
877 2019 989 2109 θυμός
1010 2019 1153 2109 ἀγήνωρ.

249 2126 338 2188 ἔνθα
359 2128 415 2190 καὶ
437 2125 561 2211 ἠματίη
583 2130 642 2211 μὲν
655 2126 866 2218 ὑφαίνεσκον
886 2132 992 2213 μέγαν
1013 2122 1114 2203 ἱστόν,

179 2238 231 2290 150
250 2224 368 2305 νύκτας
390 2225 418 2293 δ’
437 2225 630 2308 ἀλλύεσκον,
657 2233 725 2294 ἐπεὶ
747 2232 864 2306 δαΐδας
884 2223 1112 2313 παραθείμην.

250 2326 293 2409 δίς
314 2324 436 2421 τρίετες
456 2334 516 2415 μὲν
538 2334 664 2411 έληθον
686 2327 747 2415 ἐγώ
769 2334 825 2395 καὶ
847 2333 984 2396 ἔπειθον
1004 2326 1166 2415 Ἀχαιούς·

250 2430 396 2499 ἀλλ’·ὅτε
419 2440 575 2522 τέτρατον
596 2424 704 2514 ἦλθεν
725 2437 797 2511 έτος
819 2436 875 2499 καὶ
897 2431 1068 2513 ἐπήλυθον
1088 2425 1179 2518 ὧραι,

250 2542 306 2603 καὶ
327 2535 401 2603 τότε
423 2534 465 2619 δή
486 2559 527 2622 με
549 2532 605 2601 διά
626 2534 752 2621 δμωός,
773 2533 874 2615 κύνας
896 2535 954 2605 οὐκ
976 2531 1165 2621 ἀλεγούσας,

181 2650 232 2701 155
251 2639 339 2708 εἶλον
361 2638 558 2718 ἐπελθόντες
578 2642 634 2706 καὶ
656 2636 846 2726 ὁμόκλησαν
867 2646 1022 2708 ἐπέεσσιν.
1171 2629 1175 2638 “

251 2741 295 2821 ἀς
316 2740 437 2830 τὸμὲν
459 2744 646 2825 ἐξετέλεσσα
668 2746 724 2810 καὶ
747 2742 805 2811 οὐκ
827 2743 1063 2823 ἐθέλουσζύπ
1082 2741 1242 2831 ἀνάγκης·

251 2850 310 2914 νῦν
333 2846 362 2913 δ’
379 2842 446 2914 οὔτ’
466 2852 633 2938 ἐκφυγέειν
655 2844 798 2933 δύναμαι
819 2846 943 2933 γάμον,
967 2843 1040 2916 οὔτε
1061 2848 1123 2915 τιν’
1143 2845 1248 2931 ἀλλην

252 2955 351 3035 μῆτιν
373 2950 429 3016 έθ’
449 2949 593 3037 εὑρίσκω.
621 2948 713 3035 μάλα
736 2950 765 3016 δ’
785 2947 958 3038 ὀτρύνουσι
978 2954 1093 3030 τοκῆες

252 3051 419 3140 γήμασθ’,
442 3050 599 3139 ἀσχαλάᾳ
621 3055 655 3118 δὲ
677 3049 756 3129 πάις
776 3056 893 3136 βίοτον
908 3049 1125 3131 κατεδόντων,

184 3171 235 3223 160
252 3154 453 3242 γιγνώσκων·
476 3150 542 3235 ἤδη
562 3149 627 3241 γάρ
650 3149 734 3242 ἀνήρ
758 3152 828 3231 οἶός
849 3178 883 3219 τε
904 3150 1049 3240 μάλιστα

253 3260 342 3328 οίκου
364 3257 543 3340 κήδεσθαι,
565 3260 612 3343 τῷ
633 3282 668 3323 τε
691 3251 773 3334 Ζεύς
794 3260 891 3335 κῦδος
914 3254 1036 3337 ὀπάζει.

251 3359 338 3431 ἀλλά
359 3367 414 3429 καὶ
437 3354 480 3439 ὧς
495 3386 559 3447 μοι
581 3365 647 3429 εέπέ
668 3355 744 3427 τεὸν
765 3366 872 3447 γένος,
895 3357 1051 3427 ὁππόθεν
1073 3365 1161 3429 ἐσσί·

252 3466 292 3533 ού
313 3461 376 3555 γάρ
400 3461 466 3531 ἀπὸ
490 3463 587 3550 δρυός
609 3464 686 3534 ἐσσι.
702 3462 931 3553 παλαιφάτου,
954 3463 1023 3530 οὐδ
1044 3461 1110 3530 ἀπό
1133 3470 1320 3548 πέτρης.»<

296 3564 357 3647 τήν
380 3566 408 3631 δ’
425 3566 693 3652 ἀπαμειβόμενος
713 3573 865 3657 προσέφη
888 3564 1068 3651 πολύμητις
1091 3565 1263 3645 Ὀδυσσεύς

93 3688 97 3769 ῃ
185 3680 234 3731 165
260 3662 308 3735 «ὦ
329 3666 425 3754 γύναι
447 3671 556 3747 αἰδοίη
578 3667 792 3756 Λαερτιάδεω
815 3668 981 3748 Ὀδυσῆος,
1319 3668 1324 3677 “

254 3772 358 3841 οὐκέτ’
378 3767 571 3850 ἀπολλήξεις
592 3765 652 3836 τὸν
673 3766 753 3854 ἐμὸν
774 3768 875 3854 γόνον
897 3768 1084 3859 ἐξερέουσα;

253 3876 326 3944 ἀλλ’
346 3880 380 3942 ’ἐκ
401 3898 453 3940 τοι
475 3878 567 3959 ἐρέω·
591 3865 613 3953 ἦ
635 3876 696 3957 μέν
717 3871 751 3958 μ’
772 3871 903 3959 ἀχέεσσί
925 3898 960 3956 γε
982 3870 1096 3950 δαίσεις

290 4104 339 4155 153
358 4100 442 4173 μηνῶν
458 4096 623 4171 φθινόντων,
642 4102 701 4175 περὶ
720 4096 746 4152 δ’
759 4095 849 4170 ἤματα
868 4094 942 4154 πόλλ’
956 4102 1087 4168 ἐτελέσθη,
