3259 4917
615 544 854 613 ΟΔΥΣΣΕῙΑΣ
881 548 907 599 Τ

174 700 216 768 19
232 700 276 779 ὡς
297 697 362 782 ήδη
382 698 541 781 Ὀδυσῆος
562 698 632 787 έγώ,
646 705 721 788 περὶ
743 698 865 768 νόστου
886 697 1016 769 ἀκουσα

161 818 212 869 271
233 803 351 890 ἀγχοῦ,
378 805 580 892 Θεσπρωτῶν
594 804 732 891 ,ἀνδρῶν
754 810 789 871 λν
810 808 902 873 πίονι
922 802 1026 891 δήμῳ,

233 908 331 987 ζωοῦ·
354 903 461 993 αύτάρ
482 901 555 993 άγει
576 906 727 994 κειμήλια
748 903 857 977 πολλά
878 910 936 975 καὶ
956 906 1070 975 ἐσθλά
1144 941 1147 948 ’

108 1006 112 1014 ’
232 1012 365 1091 αἰτίζων
386 1006 453 1079 ἀνά
474 1012 591 1097 δῆμον.
619 1006 705 1101 ἀτάρ
728 1015 862 1099 ἐρίηρας
882 1016 1034 1097 εταίρους
1100 1092 1104 1099 ¹

233 1110 331 1181 ὤλεσε
353 1118 409 1180 καὶ
430 1116 497 1196 νήα
518 1109 693 1203 γλαφυρήν
715 1117 763 1181 ἐνί
785 1114 895 1183 οἴνοπι
914 1112 1035 1198 πόντῳ,

160 1227 214 1279 275
238 1219 414 1305 Θρινακίης
435 1214 502 1285 ἀπο
524 1215 629 1299 νήσου
651 1214 723 1285 ίνίν·
746 1213 910 1285 ὀδύσαντο
932 1213 997 1305 γάρ
1019 1218 1109 1304 αὐτῷ

233 1318 315 1399 Ζεύς
336 1346 370 1387 τε
392 1325 449 1389 καὶ
471 1320 593 1403 ήέλιος·
616 1324 676 1389 τοῦ
697 1316 761 1409 γάρ
783 1319 869 1405 βόας
890 1325 987 1391 ’ἀπαν
1007 1327 1145 1409 ἑταῖροι.

234 1430 266 1491 οί
287 1429 349 1511 μὲν
368 1422 628 1507 πάντεςβλοντο
651 1422 861 1508 πολυκλύστῳ
882 1430 931 1491 ίνὶ
952 1423 1079 1511 πόντῳ·
1191 1501 1196 1506 ‚

233 1523 293 1595 τὸν
315 1526 345 1594 δ’
365 1523 418 1617 ἀρ’
438 1532 490 1596 ἐπὶ
512 1524 648 1616 τρόπιος
669 1521 743 1605 νεὸς
765 1530 881 1612 έκβαλε
903 1529 980 1614 κῦμ’
998 1532 1052 1595 ίπλ
1070 1535 1201 1620 χέρσου,

237 1629 395 1713 Φαιήκων
416 1638 450 1710 ές
470 1641 587 1717 γαῖαν,
609 1632 644 1698 οἳ
666 1628 824 1718 ἀγχίθεοι
844 1630 1013 1716 γεγάασιν,
1125 1688 1129 1695 .

162 1747 216 1799 280
234 1736 268 1802 οἳ
291 1732 332 1816 δή
354 1758 412 1821 μιν
432 1738 506 1822 περὶ
528 1737 604 1823 κῆρι
625 1731 711 1803 θεὸν
733 1732 778 1812 ἀς
799 1732 982 1819 τιμήσαντο
1027 1793 1031 1800 .

233 1842 292 1908 καί
312 1844 345 1906 οἱ
365 1835 475 1905 πολλά
496 1835 616 1918 δόσαν,
638 1835 777 1925 πέμπειν
798 1835 834 1904 τί
855 1863 912 1923 μιν
932 1835 1062 1919 ήθελον
1083 1839 1181 1907 αάτοί

234 1940 342 2008 οἴκαδ’
360 1937 567 2029 ἀπήμαντον.
595 1946 653 2007 καί
673 1964 728 2009 κεν
749 1937 855 2009 πάλαι
875 1938 997 2008 ἐνθάδ’
1013 1941 1187 2022 Ὀδυσσεύς

233 2040 313 2125 ήην·
337 2044 409 2111 ἀλλ’
429 2040 496 2134 ἀρα
516 2048 550 2111 οί
573 2042 617 2112 τό·
634 2069 670 2130 γε
692 2045 822 2129 κέρδιον
843 2043 956 2113 είσατο
977 2049 1088 2131 Θυμῳ,

231 2146 375 2235 χρήματ’
394 2145 587 2233 ἀγυρτάζειν
608 2142 735 2227 πολλήν
757 2151 809 2213 ἐπὶ
832 2158 934 2231 γαῖαν
956 2146 1061 2232 ίόυτι·

163 2268 216 2320 285
236 2248 280 2329 ὣς
300 2254 374 2340 περὶ
396 2254 511 2336 κέρδεα
532 2246 641 2317 πολλά
663 2253 888 2329 καταθνητῶν
909 2249 1101 2337 ἀνθρώπων
1202 2300 1206 2308 -

235 2352 296 2422 οἷδ’
313 2352 478 2431 Ὀδυσεύς,
501 2350 570 2419 οὐδ’
589 2346 633 2417 ἀν
651 2376 704 2431 τις
717 2355 863 2438 Ιἐρίσσειε
883 2347 1006 2437 βροτός
1027 2348 1138 2429 ἀλλος.
1249 2403 1256 2411 ,

235 2454 278 2537 ὥς
299 2483 357 2544 μοι
383 2458 585 2545 Θεσπρωτῶν
606 2450 762 2538 βασιλεύς
781 2452 971 2541 μυθήσατο
989 2457 1155 2532 (ίαίδωνΙ

235 2558 340 2649 ὤμνυε
363 2562 398 2627 δέ
419 2557 503 2649 πρὸς
525 2557 582 2646 ἔμ’.
595 2555 710 2638 αὐτόν,
734 2556 953 2629 ἀποσπένδων
973 2563 1022 2626 ένὶ
1044 2559 1130 2645 οίιιῳ,

234 2670 301 2747 νῆα
323 2661 542 2752 κατειρύσθαι
563 2666 619 2729 καὶ
641 2667 803 2749 ἐπαρτέας
825 2665 931 2748 έμμεν.
946 2658 1106 2751 ἑταίρους,

164 2786 218 2839 290
237 2771 271 2836 οἳ
293 2766 335 2850 δή
357 2792 415 2856 μιν
434 2772 603 2856 πέμψουσι
625 2770 727 2858 φίλην
749 2772 783 2843 ἐς
803 2768 948 2853 πατρίδα
971 2778 1081 2852 γαῖαν.

236 2871 311 2939 ἀλλ’
332 2874 388 2957 ἐμὲ
407 2874 485 2959 πρὶν
507 2870 696 2961 ἀπέπεμψε·
719 2868 836 2955 τύχησε
858 2865 923 2956 γάρ
946 2875 1105 2957 ἐρχομένη
1126 2875 1208 2955 νηῦς
1307 2924 1311 2927 «

237 2974 367 3062 ἀνδρῶν
393 2976 594 3060 Θεσπρωτῶν
616 2978 650 3050 ές
672 2974 844 3058 Δουλίχιον
865 2969 1065 3054 πολύπυρον.
1100 3024 1104 3031 ⁴

237 3082 294 3145 καί
314 3103 372 3165 μοι
394 3075 530 3164 κτήματ’
551 3074 682 3155 ἔδειξεν,
706 3072 771 3141 ὅσα
793 3072 998 3167 ξυναγείρατ’
1016 3072 1205 3153 Ὀδυσσεύς·

235 3186 295 3249 καί
312 3180 356 3249 νύ
376 3204 432 3247 κεν
454 3186 487 3258 λς
508 3175 648 3258 δεκάτην
669 3172 784 3263 γενεήν
805 3175 917 3267 ἕτερόν
938 3175 968 3263 γ’
987 3180 1034 3243 ίτι
1055 3174 1201 3261 βόσκοι,
1225 3215 1229 3223 ·

165 3302 219 3354 2⁰5
239 3282 325 3353 ὅσσα
348 3290 380 3351 οί
396 3289 438 3350 ’ἐν
459 3278 615 3371 μεγάροις
636 3278 896 3368 κειμήλιακεῖτο
917 3276 1069 3360 ἀνακτος.
1091 3332 1096 3340 .

236 3384 297 3455 τὸν
319 3387 349 3453 δ’
370 3382 584 3467 έςΛωδιίνην
607 3382 695 3477 φάτο
710 3382 874 3471 βήμεναι,
898 3380 990 3477 ἀφρα
1011 3389 1110 3454 θεοῖο

238 3490 273 3557 ἐκ
295 3484 393 3578 δρυὸς
413 3488 591 3579 ὑψικόμοιο
613 3486 692 3566 Διὸς
712 3486 838 3571 βουλήν
861 3487 1051 3567 ἐπακούσω,
1092 3512 1095 3517 ·

238 3590 359 3669 ὅππως·
373 3589 540 3672 νοστήσειε
562 3596 665 3682 φίλην
688 3590 720 3667 ές
741 3596 889 3676 πατρίδα
909 3601 1012 3676 γαῖαν

237 3690 303 3779 ήδη
326 3690 387 3775 δήν
409 3690 533 3772 ἀπιόν,
554 3690 577 3774 ή
598 3688 758 3783 ἀμφαδόν
781 3680 819 3772 ήε
839 3692 1020 3783 κρυφηδόν.

168 3820 222 3876 300
240 3795 284 3879 τίς
306 3797 324 3867 ὁ
347 3800 408 3882 μὲν
430 3793 533 3873 οὕτως
554 3798 623 3863 ἐστὶ
646 3791 739 3873 σόος,
764 3798 821 3865 καὶ
844 3793 1009 3863 ἐλεύσεται
1028 3792 1095 3877 ἤδη
1154 3854 1159 3861 .
1259 3852 1263 3860 ,

241 3898 318 3989 ἀγχι
339 3899 427 3988 μόλ’,
448 3898 518 3967 οὐδ’
538 3904 585 3967 ίτι
606 3900 682 3979 τῆλε
702 3902 812 3987 φίλων
836 3903 899 3981 καὶ,
913 3903 1074 3984 πατρίδος
1095 3898 1172 3981 α’ίης
1220 3938 1224 3945 -

240 4002 344 4094 δηρόν
366 4004 572 4071 ἀπεσσεῖται·
596 4006 701 4089 ίμπης
722 4005 757 4068 δέ
779 4026 832 4072 τοι
854 4000 950 4091 ὅρκια
973 4000 1075 4071 δύσω.
1139 4062 1142 4070 .
1198 4082 1203 4091 ⁴

239 4109 319 4177 ίστω
342 4111 402 4177 νῦν
424 4102 506 4186 Ζεύς
527 4110 658 4197 πρῶτοι,
683 4108 775 4177 Θεῶν
796 4104 923 4186 ὕπατος
943 4105 1164 4197 καλάριστος,
1229 4155 1233 4162 .
1259 4173 1263 4186 ,

348 4224 351 4239 ι
1036 4215 1068 4266 19
1080 4210 1097 4241 ¹}
