3259 4917
600 516 837 573 ΟΔΥΣΣΕΙΑΣ
866 520 896 572 Χ

148 672 330 749 22602109
352 668 479 762 ἐξάψας
500 667 646 756 μεγάλης
666 674 844 758 περίβαλλε
866 668 997 748 θόλοιο,

219 771 322 865 ὐιγόσ’
342 769 577 852 ἐπεντανύσας,
598 771 646 859 μή
668 799 717 851 τις
738 778 838 840 ποσὶν
861 766 1000 850 οὐδας”
985 797 1096 840 ικοιτο.

220 875 263 951 ὡς
286 874 382 942 δότ’
401 872 445 942 ἀν
465 903 487 956 η
474 871 617 998 ’κίγλαι
639 873 868 963 τανυσίπτεροι
892 875 927 958 ἠὲ
948 881 987 944 πέ
974 878 1073 942 έλειαι

220 983 301 1066 έρκει
324 978 529 1060 ἐνιπλήξωσι,
551 975 591 1046 τό
613 978 653 1044 θ’
668 976 786 1071 έστήκη
807 984 857 1045 ένὶ
879 977 1012 1065 θάμνιρ,

135 1093 201 1144 470
220 1073 315 1147 αὖλιν
336 1087 512 1167 ἐσιέμεναι,
535 1079 689 1168 στυγερὸς
711 1079 743 1147 δ’
757 1081 934 1162 ὑπεδέξατο
955 1091 1074 1164 κοῖτος,

220 1179 264 1261 ιδς
286 1189 365 1268 αἴγ
368 1183 497 1266 ’ἑξείης
517 1180 664 1276 κεφαλάς
686 1184 815 1269 έγον,
796 1189 886 1275 αμφὶ
909 1187 943 1252 δὲ
965 1182 1088 1265 πάσαις

221 1210 365 1378 δειρῇσιγ
365 1279 526 1372 βρόχοι
505 1310 607 1367 ησαν,
632 1286 719 1363 ὅπως
741 1286 888 1358 οικτιστοι
910 1285 1093 1356 θάνοιεν.

221 1384 387 1556 ἤσπαιρον
410 1392 443 1456 δὲ
465 1387 604 1456 πόδεσσι
624 1387 775 1474 μίνυνθά
796 1415 873 1478 περ,
896 1385 936 1456 06
957 1417 989 1456 τι
1003 1388 1102 1477 μάλα
1124 1387 1193 1471 δήν.
1260 1433 1265 1436 -

266 1494 357 1559 ἐκδὲ
381 1483 625 1558 Μελάνθιον
604 1514 686 1591 ηγον
708 1487 774 1557 ἀνά
796 1489 973 1581 πρόθυρόν
995 1519 1029 1560 τε
1051 1497 1107 1560 καὶ
1124 1489 1249 1574 αὐλήν

142 1610 202 1660 475
223 1600 280 1662 τοῦ
303 1595 370 1661 δ”
351 1590 419 1662 απύ
440 1599 500 1681 μὲν
522 1596 617 1680 ρ’ῖνάς
639 1620 672 1661 τε
694 1599 750 1662 καὶ
773 1591 880 1660 οὐατα
902 1599 1006 1675 νηλέι
1011 1599 1123 1680 χαλκῷ

220 1694 361 1782 τάμνον,
384 1695 490 1796 μήδεά
511 1724 531 1764 τ
534 1696 608 1778 ’έέξ
611 1721 730 1784 ρυσαν,
752 1702 845 1764 κυσὶν
867 1695 941 1782 ὠμά
963 1696 1148 1778 δάσασθαι,

217 1799 330 1887 χεῖράς
352 1799 381 1866 τ’
400 1801 457 1882 666
478 1787 584 1877 πόδας
605 1798 728 1867 κόπτον
749 1798 918 1880 κεκοτηότι
940 1803 1049 1886 θυμῷ.

266 1909 298 1970 οί
319 1908 379 1988 μὲν
401 1901 496 1969 ἔπειτ’
517 1900 762 1992 ἀπονιψάμενοι
780 1898 894 1987 χεῖράς
915 1925 950 1966 τε
971 1900 1079 1978 πόδας
1100 1926 1135 1968 τε

222 2013 266 2084 είς
276 2005 421 2086 Ὀδυσῆα
443 2002 583 2091 δόμονδε
604 2010 692 2082 κίον,
714 2007 879 2070 τετέλεστο
903 2004 937 2069 δέ
960 2007 1073 2091 έργον·

149 2117 205 2169 480
223 2104 327 2196 αὐτάρ
351 2104 370 2173 ό
392 2133 428 2191 γε
449 2112 620 2196 προσέειπε
642 2110 744 2197 φίλην
765 2101 894 2196 τροφόν
915 2103 1115 2191 Εὐρύκλειαν

229 2247 244 2272 «
252 2211 319 2277 οἶσε
341 2214 469 2289 θέειον,
491 2207 587 2297 γρηύ,
609 2213 719 2274 κακῶν
740 2204 835 2286 ἄκος,
858 2206 928 2274 οἶσε
950 2210 984 2274 δέ
1006 2231 1065 2291 μοι
1085 2211 1159 2296 πύρ,

224 2310 315 2404 όφρα
338 2311 485 2380 θεειώσω
508 2318 661 2397 μέγαρον.
685 2306 727 2377 σύ
741 2310 782 2376 ’δέ
806 2307 1038 2389 Πηνελόπειαν
1061 2310 1066 2318 ’

223 2419 337 2482 ἐλθεῖν
359 2411 477 2482 ἐνθάδ’
499 2409 631 2498 ἀνωχθι
657 2408 717 2479 σύν
739 2409 958 2503 ἀμφιπόλοισι
979 2411 1152 2496 γυναιξίν·

223 2517 333 2596 πάσας
355 2517 385 2585 δ’
404 2513 542 2604 ὄτρυνον
564 2513 676 2601 δμωάς
696 2511 783 2582 κατά
805 2516 899 2600 δῶμα
920 2519 1091 2581 νέεσθαι.»

154 2636 205 2685 485
267 2619 326 2688 τόν
349 2620 378 2688 δ’
397 2613 475 2686 αὐτε
496 2625 666 2705 προσέειπε
689 2621 771 2708 φίλη
792 2613 916 2708 τροφός
938 2616 1118 2706 Εὐρύκλεια

231 2729 308 2792 «ναὶ
330 2720 371 2804 δὴ
392 2721 498 2790 ταύτά
519 2748 570 2808 γε,
592 2727 706 2788 τέκνον
728 2717 823 2808 ἐμόν,
845 2717 931 2787 κατὰ
951 2733 1074 2809 μοῖραν
1095 2723 1202 2800 έειπες.

224 2825 296 2893 ἀλλ’
315 2823 374 2911 ἀγε
396 2853 448 2894 τοι
466 2823 608 2913 χλαῖνάν
630 2849 664 2892 τε
683 2822 808 2910 χιτῶνά
830 2849 864 2889 τε
883 2823 993 2910 εἵματ’
1012 2829 1131 2905 ἐνείκω,

223 2929 300 3014 μηδ’
321 2927 404 2996 οὐτω
425 2927 559 3013 ῥάκεσιν
580 2932 828 3010 πεπυκασμένος
850 2926 966 3013 εὐρέας
985 2923 1093 3011 ὤμους

225 3032 344 3099 ἕσταθ’
364 3035 410 3096 ἑνὶ
432 3028 619 3116 μεγάροισι·
642 3024 843 3111 νεμεσσητὸν
866 3030 900 3092 δέ
922 3049 977 3090 κεν
1000 3027 1079 3105 ε’ίη.»

154 3147 206 3199 490
269 3129 330 3214 τὴν
353 3131 381 3197 δ’
400 3129 670 3216 ἀπαμειβόμενος,
686 3135 839 3216 προσέφη
861 3124 1040 3226 πολύμητις
1059 3127 1231 3206 Ὀδυσσεύς

231 3238 315 3321 «πῦρ
337 3237 397 3299 νῦν
417 3259 475 3317 μοι
495 3229 679 3317 πρώτιστον
700 3235 748 3298 ἐνὶ
770 3229 942 3320 μεγάροισι
962 3233 1143 3315 γενέσθω.»

268 3332 311 3414 ιδς
329 3335 440 3425 ἔφατ’,
463 3334 533 3402 οὐδ’
552 3334 702 3415 ἀπίθησε
724 3338 805 3427 φίλη
829 3330 954 3426 τροφύς
975 3331 1163 3420 Εὐρύκλεια,

224 3433 348 3518 ἤνεικεν
369 3437 398 3504 δ’
417 3435 485 3527 ἀρα
506 3441 570 3526 πῦρ
592 3442 648 3504 καὶ
671 3437 785 3520 θήιον.
815 3433 921 3526 αὐτάρ
941 3435 1113 3513 Ὀδυσσεύς

225 3531 261 3607 εὐ
283 3543 473 3608 διεθείωσεν
493 3547 640 3628 μέγαρον
661 3547 716 3608 καὶ
740 3545 834 3626 δῶμα
857 3543 912 3606 καὶ
936 3538 1050 3619 αὐλήν.

155 3656 207 3709 495
268 3638 368 3729 γρηῢς
391 3644 420 3708 δ’
440 3636 512 3710 αὖτ’
532 3644 640 3726 ἀπέβη
663 3639 717 3707 διά
740 3640 876 3726 δώματα
897 3639 970 3706 κάλ’
987 3641 1145 3720 Ὀδυσῆος

225 3745 425 3831 ἀγγελέουσα
446 3739 574 3829 γυναιξὶ
598 3749 654 3811 καὶ
676 3742 875 3831 ὀτρυνέουσα
897 3747 1051 3810 νέεσθαι

224 3854 262 3915 αι
283 3848 312 3915 δ
331 3850 408 3915 ίσαν
430 3855 465 3913 έκ
486 3845 643 3959 μεγάροιο
667 3845 745 3925 δάος
768 3843 853 3932 μετά
871 3851 985 3932 χερσὶν
1007 3849 1147 3931 ἔχουσαι.

225 3957 259 4017 αἱ
281 3947 386 4037 μέν’
363 3951 416 4039 αρ’
435 3951 640 4040 ἀμφεχέοντο
662 3955 719 4017 καὶ
741 3947 918 4030 ἠσπάζοντ’
935 3949 1088 4029 Ὀδυσῆα,

224 4058 280 4121 καὶ
301 4051 416 4122 κύνεον
435 4050 687 4139 ἀγαπαζόμεναι
707 4049 856 4142 κεφαλήν
874 4078 911 4118 τε
934 4056 988 4119 καὶ
1011 4046 1117 4135 ὤμους

961 4168 965 4178 ’
1014 4160 1047 4210 22
1062 4154 1075 4184 *
