3259 4917
317 508 363 567 δέ
699 506 939 563 ommim
966 506 990 560 E

271 667 293 735 5
318 662 434 749 ἠιόνας
455 688 491 732 τε
512 665 734 755 παραπλῆγας
755 666 890 751 λιμένας
909 686 946 754 τι
967 658 1166 744 θαλάσσης.1

250 783 300 836 444
321 767 392 838 ἀλλ’
413 765 467 836 ὅτε
489 764 531 851 δή
552 776 717 856 ποταμοῖο
744 763 831 841 κατά
852 764 962 854 στόμα
982 761 1185 854 καλλιρόοιο-

320 870 367 955 ίξε
388 877 484 954 νέων,
504 876 545 964 τῇ
568 869 609 955 δή
632 876 665 939 οί
686 874 815 940 έείσατο
835 875 943 960 χῶρος
964 865 1108 959 άριστος,

319 980 406 1056 λεῖος
426 972 590 1064 πετράων,
611 980 668 1043 καὶ
690 978 743 1043 έπλ
765 981 887 1053 σκέπας
908 966 952 1056 ἦν
971 972 1119 1058 ἀνέμοιο.

320 1084 401 1166 έγνω
424 1081 459 1147 δὲ
480 1084 679 1168 προρέοντα,
701 1083 758 1146 καὶ
780 1074 897 1161 εύξατο
920 1074 962 1145 ὃν
981 1072 1069 1144 κατὰ
1089 1074 1207 1167 θυμόν

250 1198 302 1251 445
328 1187 463 1264 «κλῦθι,
486 1178 584 1264 άναξ,
608 1180 627 1250 ὀ
649 1207 698 1262 τις
720 1188 807 1254 έσσί·
829 1178 1047 1266 πολύλλιστον
1068 1185 1105 1250 δέ
1126 1181 1159 1250 α’
1176 1178 1288 1263 ίκάνω,

321 1285 450 1381 φεύγων
471 1294 506 1353 έκ
528 1284 664 1355 πόντοιο
687 1283 923 1364 Ποσειδάωνος
944 1283 1066 1365 ἐνιπάς.

321 1395 448 1470 αίδοῖος
468 1395 529 1478 μέν
551 1388 580 1458 τ’
599 1394 670 1458 ἐστὶ
691 1393 748 1457 καὶ
769 1388 978 1458 ἀθανάτοισι
998 1393 1133 1458 θεοῖσιν

321 1494 452 1582 ἀνδρῶν
474 1492 512 1573 ὅς
527 1514 582 1573 τις
604 1499 715 1576 ἵκηται
736 1490 916 1580 ἁλάμενος,
939 1493 984 1573 ὡς
1003 1498 1071 1561 καί.
1083 1488 1145 1580 έγο)
1165 1494 1228 1561 νῦν

323 1594 385 1665 σόν
405 1622 440 1665 τε
463 1594 545 1685 ῥόον
566 1595 612 1669 σά
634 1622 668 1664 τε
690 1594 835 1684 γούναθ’
846 1595 955 1679 ’ἱκάνω
977 1593 1087 1666 πολλά
1106 1592 1266 1684 μογήσας.

252 1716 305 1769 450
323 1697 396 1769 ἀλλ’
416 1704 553 1788 ἐλέαιρε,
576 1696 677 1782 άναξ·
699 1704 805 1785 ίκέτης
827 1705 863 1769 δέ
884 1727 938 1770 τοι
959 1697 1097 1788 εύχομαι
1117 1697 1230 1771 εἶναι.»
1345 1702 1350 1709 “

367 1802 411 1883 ὣς
433 1802 532 1898 φάθ’,
548 1804 574 1872 ’ὁ
596 1803 627 1871 δ’
644 1803 762 1872 αὐτίκα
782 1806 910 1875 παῦσεν
930 1802 988 1873 ίδν
1008 1801 1107 1892 ῥόον,
1132 1808 1205 1893 έσχε
1227 1806 1262 1873 δί
1282 1805 1380 1890 κῦμα,

322 1907 454 1998 πρόσθε
477 1900 512 1975 δέ
535 1913 567 1976 σί
588 1911 706 1990 ποίησε
727 1907 891 1995 γαλήνην,
911 1905 972 1977 τ’ὀν
994 1907 1025 1975 δ’
1044 1907 1192 1994 ἐσάωσεν

323 2018 357 2091 ές
376 2013 530 2099 ποταμοῦ
550 2008 706 2099 προχοάς.
736 2012 754 2079 ὀ
778 2012 811 2079 δέ
830 2008 883 2102 ἄρ’
902 2008 1005 2105 άμφω
1027 2010 1161 2099 γούνατ’
1188 2016 1335 2105 έναμεμεν

320 2113 434 2204 χεῖράς
454 2139 489 2182 τε
512 2111 688 2203 στιβαράς·
713 2115 768 2183 ἁλὶ
791 2113 856 2205 γάρ
878 2120 1020 2203 δέδμητο
1044 2119 1237 2207 φίλονιιήρ.
1284 2152 1290 2161 ·

253 2230 305 2281 455
324 2214 403 2305 φ’δεε
426 2221 460 2285 δὲ
480 2214 567 2307 χρόα
588 2215 714 2300 πάντα,
737 2217 905 2289 θάλασσα
918 2218 1073 2302 ,δέκήκιε
1095 2217 1202 2302 πολλή

324 2320 367 2391 ὀίν
390 2320 497 2409 στόμα
519 2348 553 2391 τε
576 2318 672 2410 ῥῖνάς
692 2321 749 2391 θ’·
772 2322 793 2391 ὀ
815 2323 844 2391 δ’
863 2321 918 2413 ἄρ’
937 2320 1119 2403 ἄπνευστος
1139 2328 1196 2391 καὶ
1214 2318 1359 2402 ἄναυδος

324 2425 403 2493 κεῖτ’
423 2425 655 2511 ὀλιγηπελέων,
678 2423 826 2513 κάματος
849 2431 884 2495 δέ
906 2432 970 2517 μιν
985 2425 1079 2508 αίνός
1097 2433 1219 2497 ίκανεν.

325 2528 398 2597 ἀλλ’
417 2526 472 2597 ότι
495 2526 536 2610 δή
559 2528 590 2617 ῥ’
605 2525 770 2627 ὀίμιινυτο
783 2535 841 2599 καὶ
862 2539 896 2611 ές
917 2539 1026 2626 φρένα
1045 2529 1160 2621 θυμὸς
1180 2530 1342 2622 ύγέρθης

326 2637 382 2701 καὶ
405 2632 478 2700 τότε
501 2629 542 2714 δή
565 2631 748 2720 κρήδεμνον
770 2631 838 2703 ἀπὸ
860 2643 896 2704 so
918 2640 995 2706 λῦσε
1016 2641 1126 2705 θεοῖο.

256 2752 309 2805 400
326 2740 382 2804 καὶ
403 2732 443 2803 τό
465 2739 525 2822 μέν
546 2743 580 2815 ἐς
600 2733 753 2823 ποταμὸν
779 2737 998 2828 ἁλιμυρήεντα
1018 2745 1177 2830 μεθῆκεν,

328 2835 380 2927 ὀίψ
402 2839 432 2906 δ’
452 2843 566 2929 έφερεν
587 2844 672 2927 μέγα
694 2845 782 2929 κῦμα
804 2840 891 2911 κατά
911 2843 1008 2934 ῥόον,
1035 2843 1123 2937 αἶψα
1145 2844 1176 2912 δ’
1195 2838 1250 2934 ἄρ’
1264 2840 1338 2911 Ἰνώ

328 2942 443 3025 δέξατο
463 2947 558 3034 χερσί
580 2948 729 3038 φίλῃσιν·
752 2946 771 3015 ὀ
795 2946 825 3013 δ’
844 2954 880 3015 ἐκ
900 2958 1068 3036 ποταμοῖο
1081 2952 1245 3025 ’λιασθείς

329 3050 448 3134 σχοίνῳ
470 3047 670 3140 ὑπεκλίνθη,
694 3048 770 3117 κύσε
793 3052 829 3119 δέ
842 3053 1004 3141 ,ζείδωρον
1024 3047 1183 3146 ἄρουραν.

330 3148 484 3238 ὀχθήσας
506 3151 536 3218 δ’
556 3148 623 3243 άρα
646 3153 712 3221 είπε
734 3150 820 3244 πρός
842 3149 883 3221 ὀν
903 3153 1114 3246 μεγαλήτορα
1136 3152 1271 3242 θυμόν,
1345 3180 1349 3186 ’

259 3266 311 3318 465
337 3249 384 3318 «ιό
406 3281 465 3339 μοι
486 3252 562 3341 έγιύ,
584 3261 617 3321 τί
637 3256 760 3342 πάθως
786 3262 822 3324 τί
843 3255 884 3326 νύ
902 3284 962 3344 μοι
981 3255 1126 3347 μήκιστα
1146 3264 1296 3345 γένηταις

331 3365 358 3424 εί
379 3362 440 3443 μέν
462 3356 546 3425 κ”έν
567 3364 707 3445 ποταμῷ
729 3363 893 3442 δυσκηδέα
913 3359 1016 3429 νύκτα
1037 3360 1206 3454 φυλάσσω,

330 3458 377 3548 μή
398 3460 434 3548 μ’
453 3456 571 3547 ἄμυδις
593 3465 691 3549 στίβη
713 3488 748 3531 τε
770 3461 855 3547 κακή
880 3469 937 3533 καὶ
958 3469 1068 3548 θῆλυς
1090 3471 1186 3556 ἐέρση

331 3564 366 3645 ἐξ
389 3563 596 3651 ὀλιγηπελίης
617 3566 750 3661 δαμάσῃ
772 3566 963 3662 κεκαφηότα
985 3566 1115 3657 θυμόν·
1192 3594 1201 3603 ·

333 3663 418 3757 αύρη
441 3668 470 3736 δ’
490 3677 526 3738 ἐκ
546 3678 700 3759 ποταμοῦ
719 3668 832 3766 ψυχρή
853 3678 941 3740 πνέω
961 3672 1055 3755 ήῶθι
1075 3668 1150 3760 π’ρά.

263 3779 316 3833 470
335 3778 362 3839 εί
384 3775 419 3839 δέ
440 3796 496 3840 κεν
517 3780 549 3853 ές
571 3772 681 3843 κλιτόν
703 3772 835 3863 ἀναβάς
855 3779 912 3844 καί
933 3774 1071 3848 δάσκιον
1091 3773 1179 3857 ὕλην

334 3872 483 3962 θάμνοις
504 3884 539 3944 έν
560 3890 722 3947 πυκινοῖσι
743 3878 964 3967 καταδράθω,
986 3880 1017 3947 εί
1035 3905 1075 3967 με
1097 3880 1218 3971 μεθείη

335 3981 428 4065 ῥῖγος
449 3983 504 4046 καί
525 3979 686 4069 κάματος,
709 3981 864 4074 γλυκερὸς
885 3986 920 4051 δέ
942 4010 1000 4071 μοι
1019 3980 1123 4062 ύπνος
1144 3984 1279 4074 έπέλθη,
1381 3964 1386 3967 ¹
1504 3994 1512 4005 '

337 4083 430 4151 δείδω
452 4080 499 4170 μή
521 4082 788 4175 θήρεσσινέλωρ
810 4092 868 4156 καί
888 4084 998 4178 κύρμα
1017 4092 1194 4175 γένωμαι.»
