3259 4917
339 532 393 588 272
724 530 963 589 ΟΔΥΣΣΕΙΔΣ
990 532 1012 585 Σ

283 685 325 753 18
339 685 444 779 πλήξῃ
465 683 707 767 ἀτασθάλλων,
729 684 834 772 τούτῳ
856 690 892 755 δέ
913 713 954 776 με
976 683 1239 781 ἶφιδαμάσση.»

385 786 428 869 ἀς
450 790 563 879 ἔφαθ’,
587 795 618 857 οἱ
641 790 670 857 δ’
689 786 757 878 ἀρα
778 788 908 868 πάντεςἱ
921 788 1099 877 ἀπώμνυον
1121 788 1340 869 ὡςέτιέλενεν.

165 971 170 980 ‚
288 904 410 972 δοκοῖς
432 892 462 960 δ’
478 885 571 972 αὖτις
591 895 734 987 μετέειφ’
752 890 826 983 ἱερὴ
846 895 878 971 ίς
905 884 1111 979 Τηλεμάχοιο
1134 925 1145 937 ·

348 997 452 1078 «ξεῖν’,
475 995 556 1063 ελ.σ’
577 995 704 1083 ὀτρύνει
724 1001 844 1086 κραδίη
865 1002 923 1065 καὶ
944 992 1061 1082 θυμός
1078 994 1210 1086 ἀγήνωρ
1250 1032 1255 1038 ·

340 1106 458 1169 τοῦτον
480 1099 687 1181 ἀλέξασθαι,
707 1105 772 1169 τῶν
795 1101 825 1169 δ’
843 1097 954 1168 ἀλλων
974 1096 1022 1185 μή
1043 1101 1255 1186 τιν’Άχαιῶν

340 1206 468 1287 δείδιθζ
490 1208 558 1272 ἐπεὶ
573 1194 753 1271 ’πλεόνεσσι
773 1202 956 1291 μαχήσεται
978 1200 1017 1280 ὅς
1036 1209 1072 1269 κέ
1094 1225 1131 1269 σε
1152 1207 1261 1297 θοίνη.
1338 1268 1341 1275 ,

249 1352 260 1371 .
341 1306 526 1391 ξεινοδόκος
546 1311 607 1395 μὲν
628 1304 799 1393 έγάν,·έπλ
823 1308 852 1375 δ’
868 1315 1012 1375 αλνεῑτον
1032 1308 1216 1391 βασιλῆες·

288 1430 321 1483 65
338 1408 506 1488 Ἀντίνοός
525 1434 559 1476 τε
580 1414 637 1477 καὶ
659 1407 873 1498 Εὐρύμαχος,
892 1416 1087 1497 πεπνυμένα
1094 1406 1241 1505 άμφα.»

385 1512 428 1593 ὣς
443 1514 619 1603 έφαῧζοὶ
587 1509 711 1580 οἱδ”’
689 1536 756 1600 αρα
777 1511 899 1592 πάντες
915 1511 1059 1605 ἐπῄνεον.
1081 1511 1188 1602 αὐτὰρ
1207 1512 1383 1595 Ὀδυσσεύς

201 1606 205 1614 ’
233 1664 240 1673 -
340 1615 551 1699 ζάσατον
491 1620 551 1701 μέν
572 1612 717 1705 ῥάκεσιν
726 1621 801 1705 περὶ
822 1615 945 1702 μήδεα,
968 1626 1068 1745 φαῖνε
1090 1620 1125 1685 δέ
1146 1616 1273 1705 μηρούς

311 1716 460 1798 καλούς
482 1743 516 1786 τε
538 1715 701 1806 μεγάλους
721 1742 771 1801 τε,
794 1717 918 1817 φάνεν
923 1710 958 1786 δέ
980 1725 1013 1786 οὶ
1025 1712 1188 1843 εὐρέες
1160 1745 1245 1806 ωμοι

341 1820 472 1906 στήθεά
494 1848 528 1891 τε
552 1824 761 1911 στιβαροίτε
782 1805 972 1912 βραχίονες
994 1819 1100 1912 αάτάρ
1120 1822 1250 1906 Ἀθήνη

288 1947 322 1999 το
340 1923 417 2014 ἀγχι
436 1950 608 2015 παρισταμ
609 1927 776 2010 έ’νη’μέλε
795 1922 915 2007 ἤλδανε
935 1932 1068 2012 ποιμένι
1087 1928 1186 1994 λαόν.

339 2033 523 2120 μνηστῆρες
544 2030 574 2097 δ’
590 2026 657 2118 άρα
678 2027 1029 2121 πάντεςὺπερφιάλοις
1050 2026 1230 2115 ἀγάσαντο.

340 2126 401 2201 ὧδε
424 2137 459 2201 δέ
481 2158 529 2210 τις
552 2122 705 2200 εἴπεσκεν
718 2127 796 2199 λδών
818 2139 852 2209 ές
872 2136 1014 2213 πλησίον
1034 2131 1148 2201 ἀλλον.

347 2229 390 2321 «ἦ
411 2235 497 2325 τάχα
517 2227 604 2326 Ὶρος
623 2231 730 2325 Ἄιρσς
752 2238 956 2304 ἐπίσπαστον
972 2232 1080 2303 ααιιδν
1102 2236 1172 2319 έξει,
1218 2280 1222 2287 ·
1247 2318 1250 2322 ¹

341 2346 415 2423 οἴην
437 2347 471 2407 έιι
487 2344 619 2427 ῥακέων
634 2338 660 2407 ’ὁ
682 2345 786 2430 γέρων
808 2342 998 2425 ἐπιγουνίδα
1020 2343 1164 2431 φαίνει.»

287 2466 321 2517 75
385 2440 428 2521 ἀς
449 2440 504 2531 ἀρά
521 2447 622 2533 έφαν,
638 2439 715 2533 Ἴρῳ
738 2446 772 2511 δέ
792 2446 901 2521 κακῶς
922 2442 1055 2529 ὠρίνετο
1076 2441 1199 2530 θυμός.

338 2542 426 2613 ἀλλά
442 2548 504 2624 ,καὶ
527 2539 570 2623 ὦς
593 2549 772 2633 δρηστῆρες
793 2542 878 2632 άγον
898 2543 1060 2626 ζώσαντες
1079 2544 1216 2640 ἀνάγκη

339 2645 499 2715 δειδιότα·
523 2645 640 2733 σάρκες
662 2650 697 2713 δέ
718 2653 970 2736 περιτρομέοντο
991 2652 1154 2735 μέλεσσιν.
1252 2686 1256 2694 ·

336 2752 503 2827 Ἀντίνοος
525 2748 555 2817 δ’
574 2754 732 2830 ἐνένιπεν,
755 2754 833 2829 ἔπος
853 2750 883 2817 τ’
902 2752 1006 2846 ἔφατ’,
1028 2757 1063 2819 έν
1083 2753 1114 2819 τ’
1134 2752 1303 2843 ὀνόμαζεν.

346 2856 428 2921 «νῦν
448 2856 509 2939 μὲν
529 2850 607 2940 μήτ’
626 2852 706 2938 είης,
728 2850 881 2939 βουγάιε,
902 2852 985 2941 μήτε
1005 2860 1123 2941 γένοιο,
1153 2857 1156 2866 ’
1239 2872 1242 2875 ’

286 2975 322 3029 8⁰
340 2964 368 3025 ελ
389 2952 431 3038 δὴ
454 2954 574 3025 τοῦτόν
594 2980 631 3043 γε
652 2962 799 3043 τρομέεις
819 2961 877 3026 καὶ
898 2960 1023 3037 δείδιας
1044 2963 1151 3040 αίνῶς,

339 3057 451 3149 ἀνδρα·
467 3065 622 3151 γέροντα,
645 3056 704 3153 δύη
726 3058 907 3150 ἀρημένον,
928 3059 952 3142 ἥ
972 3070 1030 3147 μιν
1049 3059 1163 3131 ἱκάνει.

339 3163 412 3231 ἀλλ’
432 3167 466 3230 έκ
488 3170 654 3253 τοιέρέω,
676 3160 715 3231 τό
738 3166 773 3231 δὲ
794 3168 852 3231 καὶ
872 3166 1100 3250 τετελεσμένον
1119 3170 1227 3233 ἔσται·
1284 3182 1287 3184 ’

340 3265 377 3331 αλ
393 3264 451 3343 ’κέν
472 3264 510 3330 σ”
532 3259 628 3343 οὗτος
649 3263 763 3358 νικήση
786 3260 945 3354 κρείσσάν
966 3292 1001 3333 τε
1022 3272 1166 3353 γίνηται,

338 3364 458 3493 πέμιμυ
481 3388 502 3433 σ
506 3363 719 3455 ’ν’ἱπειρόνδε,
740 3364 854 3451 βαλων
875 3376 911 3435 έν
931 3374 988 3450 νηὶ
1008 3376 1154 3464 μελαίνῃ,

287 3490 321 3541 85
341 3478 386 3549 είς
401 3465 536 3558 Ἔχετον
556 3474 723 3601 βασιληα,
738 3472 870 3558 βροτῶν
891 3470 1064 3559 δηλημσνα
1084 3473 1228 3557 πάντων,

340 3571 378 3652 ὅς
399 3574 431 3640 κ’
450 3570 517 3642 ἀπὸ
538 3578 618 3663 ρῑνει
641 3570 762 3667 τάμῃσι
781 3578 839 3643 καὶ
861 3570 967 3653 οάατα
979 3582 1080 3659 νηλέι
1096 3582 1218 3665 χαλκῷ,

337 3674 496 3762 μήδεά’
466 3702 486 3744 τ
516 3676 669 3767 ἐξερύσας
692 3677 756 3771 δάη
778 3674 873 3747 κυσὶν
894 3676 970 3765 ὠμά
990 3679 1219 3749 δάσασθαι.»

383 3775 427 3857 ὣς
448 3778 554 3871 φάτο,
575 3808 622 3866 τῳ
608 3780 674 3847 δ’
695 3784 741 3848 έτι
758 3784 927 3867 μᾶλλον
912 3780 977 3850 υπδ
999 3782 1123 3873 τρόμος
1144 3788 1262 3871 έλλαβε
1283 3792 1371 3871 γυῖα.

339 3886 372 3959 ές
393 3887 522 3967 μέσσονΙ
540 3882 570 3949 δ’
589 3879 732 3969 ἀναγον·
754 3880 799 3951 τά
822 3885 852 3952 δ’
871 3881 974 3979 ἀμφω
992 3898 1106 3977 χεῖρας
1127 3887 1278 3976 ἀνέσχον.
1366 3929 1369 3940 ·

373 4106 408 4161 59
426 4100 511 4178 αιἰτάρ
529 4110 587 4161 ἐπεί
602 4104 629 4180 ρ’
643 4105 743 4180 ὄμοσάν
759 4132 789 4167 τε
807 4110 962 4181 τελεύτησάν
972 4134 1009 4167 [τε
1025 4113 1074 4169 τὸν
1093 4112 1178 4187 ὅρκοις
