3259 4917
336 525 391 579 τοο
695 508 956 578 'offlam
980 522 1006 574 T

290 664 332 729 19
347 676 430 747 ἀλλο
448 681 488 746 δέ
509 702 561 745 τοι
584 682 677 766 έρέω,
700 672 740 745 σε)
762 654 793 745 δ’
812 680 863 746 ένὶ
885 680 984 771 φρεσὶ
1005 672 1128 763 βάλλεο
1152 678 1260 769 σῆσιν.

349 784 407 851 οὐκ
429 780 491 849 οἶδ’
510 777 533 863 ῆ
554 777 635 847 τάδε
658 788 734 847 έστο
756 786 830 870 περὶ
849 786 926 870 χροὶ
949 779 1060 848 οἴκοθ’
1076 777 1259 861 Ὀδυσσεύς,

349 877 373 967 ἦ
395 911 444 963 τις
466 891 605 974 ἑταίρων
628 887 709 952 δῶκε
730 888 822 967 θοῆς
843 888 897 952 ἐπὶ
918 881 999 980 νηός
1019 882 1112 966 ἰόντι,

350 985 372 1070 ῆ
394 993 444 1069 τίς
466 1016 531 1057 που
552 993 609 1055 καὶ
631 986 749 1069 ξεῖνος,
772 993 842 1055 ἐπεὶ
861 990 1036 1055 πολλοῖσιν
1053 985 1254 1065 Ὀδυσσεύς·

280 1105 334 1159 240
352 1097 422 1161 έσκε
446 1096 558 1184 φίλος·
585 1098 710 1179 παῦροι
731 1087 796 1179 γάρ
816 1093 955 1179 Ἀχαιῶν
976 1083 1065 1172 ἦσαν
1086 1092 1206 1177 ὁμοῖοι.

350 1202 407 1263 καί
430 1202 462 1263 οί
484 1192 546 1282 έγά
565 1194 719 1283 χάλκειον
741 1190 805 1282 άορ
827 1187 883 1262 καί
904 1197 1051 1261 δίπλακα
1073 1198 1161 1261 δῶκα

351 1295 456 1381 καλῆν
477 1306 670 1391 πορφυρέην
691 1302 748 1365 καὶ
768 1295 963 1386 τερμιόεντα
980 1301 1114 1385 χιτῶνα,

353 1406 485 1481 αίδοίως
508 1403 537 1470 δ’
554 1402 747 1489 ἀπέπεμπον
769 1406 948 1490 ἐυσσέλμου
970 1405 1023 1469 ἐπὶ
1044 1399 1132 1483 νηός.

352 1509 408 1572 καὶ
430 1511 491 1593 μέν
513 1511 545 1571 οί
568 1505 670 1595 κῆρυξ
692 1505 806 1589 ὀλίγον
827 1510 1081 1593 προγενέστερος
1105 1501 1207 1571 αὑτοῦ

283 1622 335 1672 245
354 1614 478 1675 εἵπετο·
503 1611 559 1674 καὶ
581 1605 639 1675 τόν
661 1634 715 1675 τοι
737 1607 950 1697 μυθήσομαι,
973 1608 1044 1687 οίος
1065 1612 1122 1690 έην
1143 1634 1213 1696 περ.

352 1708 451 1801 γυρός
473 1719 509 1779 ἐν
530 1706 685 1797 όμοισιυ,
704 1711 941 1801 μελανόχροος,
962 1710 1193 1798 οὐλοκάρηνος,
1268 1763 1272 1768 -

353 1812 548 1903 Εὐρυβάτης
571 1814 600 1881 δ’
620 1810 715 1901 ὄνομ’
735 1818 823 1883 έσκε·
836 1821 917 1883 ’τίεν
938 1817 983 1882 δέΙ
996 1841 1055 1902 μιν
1077 1817 1191 1903 έξοχον
1210 1815 1322 1884 ἀλλων

354 1911 399 1985 ὧν
421 1916 545 2005 ἑτάρων
564 1916 730 1999 Ὀδυσεύς,
754 1916 805 1986 ὅτι
827 1925 858 1985 οί
882 1924 1000 2011 φρεσίν
1023 1916 1122 2008 ἀρτια
1143 1915 1237 2012 ᾔδη.»

399 2017 443 2100 ὣς
466 2018 569 2113 φάτο,
592 2025 631 2113 τῃ
654 2021 683 2087 δ’
703 2018 749 2087 ἐἐι
770 2022 901 2109 μάλλον
922 2022 979 2115 ὑφ’
999 2028 1113 2112 ἵμερον
1135 2016 1218 2111 ὦρσε
1239 2021 1345 2109 γόοιο,

284 2124 338 2192 250
356 2121 478 2211 σήματ’
498 2124 686 2219 ἀναγνούσῃ
707 2124 751 2193 τά
773 2131 804 2193 οἱ
827 2130 951 2213 έμπεδα
971 2126 1115 2215 πέφραδ’
1132 2125 1315 2205 Ὀδυσσεύς.

353 2228 375 2310 η’
400 2227 429 2295 δ’
450 2232 518 2298 ἐπεὶ
543 2222 603 2297 οὖν
625 2228 767 2322 τάρφθη
789 2227 1048 2319 πολυδακρύτοιο
1071 2228 1172 2315 γόοιο,
1283 2248 1290 2264 ·

354 2336 410 2397 καὶ
432 2329 506 2398 τότε
527 2357 585 2420 μιν
607 2332 767 2420 μύθοισιν
789 2334 990 2423 ἀμειβομένη
1012 2340 1204 2421 προσέειπεν

362 2439 443 2501 «νῦν
464 2440 524 2521 μέν
546 2434 588 2517 δή
610 2462 683 2523 μοι,
707 2437 804 2517 ξεῖνε,
827 2435 934 2525 πάρος
947 2463 1016 2527 ,περ
1038 2432 1100 2505 έάν
1121 2437 1267 2519 ἐλεεινός,

356 2543 392 2603 ὲν
413 2536 605 2623 μεγάροισιν
627 2548 735 2625 ἐμοῖσι
757 2544 855 2630 φίλος
876 2539 905 2606 τ’
922 2545 978 2634 έσῃ
994 2540 1127 2620 -αίδοῖός
1148 2565 1216 2609 τε·Ἴ

286 2655 337 2706 255
357 2635 441 2720 αὐτῆ
462 2637 527 2728 γάρ
549 2641 627 2711 τάδε
650 2642 755 2727 εἵματ’
776 2640 847 2728 έγιλ
859 2640 979 2733 πόρον,
1002 2643 1045 2712 οἷ’
1064 2643 1238 2734 ἀγορεύεις,

356 2740 484 2823 πτύξασ
514 2750 549 2809 ἐκ
571 2742 748 2831 θαλάμου,
769 2744 913 2835 περόνην
935 2747 964 2813 τ’
984 2752 1136 2830 ἐπέθηκα
1158 2747 1300 2840 φαεινήν

315 2892 317 2899 ,
355 2850 450 2932 κείνῳ
473 2842 593 2934 ἄγαλμ’
612 2852 733 2945 έμεναι.
757 2846 817 2917 τὸν
840 2850 869 2915 δ’
886 2850 945 2936 οὐχ
965 2851 1166 2937 ὑποδέξομαι
1188 2845 1281 2931 αάτις
1365 2868 1370 2873 “

357 2952 466 3017 οίκαδε
489 2950 700 3034 νοστήσαντα
722 2956 825 3044 φίλην
847 2961 881 3031 ές
901 2957 1046 3043 πατρίδα
1067 2968 1195 3040 γαῖαν..
1313 2993 1318 3002 ·

355 3056 403 3139 τῷ
425 3058 477 3145 ῥα,
492 3062 574 3149 κακῆ
596 3057 672 3149 α’ίσῃ
693 3060 806 3139 κοίλης
829 3062 882 3124 ἐπὶ
904 3055 985 3146 νηός
1007 3057 1179 3137 Ὀδυσσεύς
1265 3099 1270 3110 ·

285 3166 338 3219 260
356 3153 450 3244 ᾤχετ’
468 3156 674 3249 ἐποψόμενος
695 3163 879 3228 Κακοΐλιον
900 3161 959 3229 οὐκ
981 3159 1204 3248 ὀνομαστήν.»
1265 3190 1269 3198 ·

401 3255 462 3341 τῆν
485 3260 514 3326 δ’
537 3260 801 3349 ἀπαμειβόμενος
823 3270 977 3354 προσέφη
998 3263 1180 3350 πολύμητις
1201 3264 1376 3345 Ὀδυσσεύς

363 3354 412 3428 «ὦ
432 3359 529 3449 γύναι
551 3365 661 3445 αὶδοίη
682 3364 900 3453 Λαερτιάδεω
922 3368 1088 3451 Ὀδυσῆος,
1113 3416 1117 3421 ι
1162 3417 1167 3423 «

356 3472 469 3552 μηκέτι
491 3472 551 3535 νῦν
569 3465 657 3555 χρόα
678 3465 781 3537 καλόν
803 3477 947 3560 ἐναίρεο,
968 3476 1051 3559 μηδέ
1073 3498 1106 3539 τι
1127 3470 1242 3557 θυμόν

355 3572 447 3651 τῆκε,
470 3567 570 3639 πόσιν
591 3570 733 3659 γοόωσα.
761 3579 972 3663 νεμεσσῶμαί
992 3602 1029 3661 γε
1049 3580 1110 3661 μὲν
1132 3575 1243 3642 οὐδέν·

287 3687 339 3739 265
357 3676 413 3737 καὶ
434 3670 498 3760 γάρ
521 3678 572 3752 τίς
592 3677 624 3741 τ’
643 3675 780 3745 ἀλλοῖον
801 3676 955 3768 ὀδύρεται
976 3674 1068 3765 ἄνδρ’
1088 3678 1235 3748 ὀλέσασα

356 3779 534 3864 κουρίδιον,
557 3782 604 3863 τῷ
625 3785 723 3845 τέκνα
743 3787 818 3871 τέκῃ
840 3778 993 3873 φιλότητι
1013 3794 1155 3867 μιγεῖσα,

356 3872 378 3957 ἢ
403 3877 539 3960 Ὀδυσῆ’,
562 3878 602 3947 όν
624 3906 709 3971 φασι
732 3886 828 3963 θεοῖς
849 3889 1033 3970 ἐναλίγκιον
1054 3882 1148 3951 εἶναι.
1178 3936 1181 3943 .

353 3975 441 4050 ἀλλά
463 3978 545 4065 γόου
565 3988 626 4069 μὲν
647 3991 789 4067 παῦσαι,
812 3994 900 4071 ἐμεῖο
923 3990 959 4055 δέ
981 3986 1107 4057 σύνθεο
1128 3990 1260 4074 μῦθον·

355 4091 536 4174 νημερτέως
556 4084 622 4173 γάρ
645 4112 697 4153 τοι
718 4087 920 4176 μαθήσομαι
940 4090 1012 4159 οὐδ’
1031 4086 1187 4158 ἐπικεύσω
