3259 4917
99 3870 102 3945 ί

624 572 862 628 ommam
890 576 914 627 A

191 728 207 793 1
238 730 382 814 κλίμακα
405 725 435 793 δ’
450 723 584 816 ὑψηλήν
605 727 805 814 κατεβήσετο
828 726 881 796 οἷο
905 726 1032 816 δόμοιο,

167 842 215 894 331
239 829 300 899 οάκ
322 831 392 912 σ’ίη·
416 828 487 918 ἅμα
508 834 548 922 τῇ
569 856 605 917 με
627 834 685 898 καὶ
706 832 894 925 ἀμφίπολοι
915 829 964 901 δύ’
984 840 1113 900 έποντο.

237 934 259 1015 ή
283 933 313 1001 δ’
330 930 384 1000 ὅτε
407 929 448 1015 δή
469 934 663 1024 μνηστῆρας
685 934 824 1028 ἀφίκετο
847 937 906 1012 δια
926 940 1098 1024 γεννικῶν,

238 1042 303 1118 στῆ
324 1040 370 1125 ῥα
391 1035 484 1123 παρά
507 1036 667 1125 σταθμόν
688 1044 798 1125 τέγεος
820 1036 909 1106 πύκα
929 1048 1091 1121 ποιητοῖο,

239 1136 326 1207 ἀντα
346 1137 516 1229 παρειάων
538 1146 681 1226 σχομένη
704 1138 830 1230 λιπαρά
850 1138 1034 1229 κρήδεμνα·

169 1260 218 1311 335
238 1242 432 1334 ἀμφίπολος
453 1242 483 1309 δ’
500 1239 569 1332 ἀρα
592 1248 625 1309 οί
645 1239 742 1343 κεδνή
754 1241 924 1336 ’ἑκάτερθε
944 1252 1102 1335 παρέστη.

239 1342 435 1434 δακρύσασα
457 1344 488 1412 δ’
503 1350 614 1413 ἔπειτα
634 1344 810 1435 προσηύδα
831 1352 932 1419 θεῖον
952 1344 1070 1417 ἀοιδόν

245 1447 393 1535 «Φήμιε,
415 1444 523 1517 πολλά
544 1446 609 1539 φάρ
633 1448 721 1518 ἀλλα
741 1454 873 1540 βροτῶν
892 1450 1077 1542 θελκτήρια
1096 1446 1186 1543 ήδης,

238 1551 305 1643 ἔργ’
325 1552 455 1640 ἀνδρῶν
476 1576 511 1619 τε
533 1556 627 1621 θεῶν
649 1576 698 1634 τε,
720 1552 764 1621 τά
785 1579 822 1621 τε
843 1558 1006 1623 κλείουσιν
1027 1554 1153 1622 ἀοιδοί·

237 1658 304 1723 τῶν
327 1663 362 1722 έν
382 1661 418 1740 μέ
441 1652 631 1748 σφινάειδε
652 1654 857 1748 παρήμενος,
883 1662 917 1726 οἱ
938 1660 974 1724 δὲ
996 1659 1102 1748 σιωπῇ

168 1769 220 1821 340
240 1756 332 1825 οἶνον
354 1756 524 1826 πινόντων.
553 1757 676 1843 ταύτης
698 1761 728 1828 δ’
748 1758 911 1828 ἀποπαύε’
929 1758 1047 1843 ἀοιδῆς

237 1865 374 1951 λυγρῆς,
395 1860 418 1944 ή
440 1868 475 1929 τέ
497 1886 556 1950 μοι
577 1868 647 1933 αίὲν
669 1868 718 1932 ἐνί
740 1863 905 1947 στήθεσσι
926 1867 1028 1955 φίλον
1048 1865 1112 1952 κῆρ

236 1971 349 2055 τείρει,
372 1950 441 2032 ἐπεί
462 1990 503 2052 με
524 1965 670 2053 μάλιστα
690 1972 851 2036 καθίκετο
872 1969 1002 2045 πένθος
1021 1960 1186 2035 άλωστον·

237 2072 333 2151 τοίην
354 2064 418 2156 γάρ
440 2066 589 2161 κεφαλήν
609 2075 727 2139 ποθέω
748 2076 938 2160 μεμνημένη
959 2074 1056 2139 αίεί.»
1089 2148 1095 2152 ,

166 2180 218 2231 345
282 2166 344 2253 τὴν
366 2170 396 2237 δ’
416 2164 460 2239 αὖ
481 2176 677 2261 ,Τηλέμαχος
697 2180 900 2261 πεπνυμένος
912 2172 1038 2240 ἀντίον
1057 2169 1145 2253 ηόδα

244 2277 368 2364 «μῆτερ
391 2272 470 2361 ἐμή,
492 2279 525 2341 τί
546 2275 575 2341 τ’
596 2273 663 2364 ἀρα
685 2280 846 2367 φθονέεις
867 2279 1000 2364 ἐρίηρον
1021 2272 1139 2341 ἀοιδόν

236 2383 365 2468 τέρπειν
388 2375 477 2467 ὅππη
500 2382 534 2442 ολ
554 2374 633 2453 νόος
656 2373 808 2466 όρννταις
830 2377 872 2444 ού
891 2374 934 2443 νύ
953 2375 984 2443 τ’
1002 2376 1115 2444 ἀοιδοί

238 2481 351 2561 α’ίτιοι,
375 2476 465 2547 ἀλλά
484 2481 574 2545 ποθι
594 2474 676 2559 Ζεύς
697 2480 816 2561 αλτιος,
843 2479 881 2559 ός
902 2504 937 2547 τε
960 2482 1095 2548 δίδωσιν
1131 2500 1142 2513 ·
1168 2501 1172 2508 ’

237 2582 401 2671 ἀνδράσιν
422 2582 643 2677 ἀλφηστήσινς
667 2582 755 2663 ὅπως
777 2587 946 2677 ἐθέλῃσιν,
967 2582 1105 2671 ἑκάστην

163 2702 217 2753 350
237 2684 342 2773 τούτῳ
362 2686 394 2753 δ’
413 2686 453 2755 ού
472 2694 601 2775 νέμεσις
622 2690 763 2756 Δαναῶν
784 2684 888 2756 κακόν
908 2688 1001 2757 οἶτον
1021 2687 1157 2757 ἀείδειν·

236 2786 300 2871 τήν
320 2784 385 2879 γάρ
408 2787 526 2873 ἀοιδήν
546 2795 676 2879 μᾶλλον
698 2790 892 2860 ἐπικλείονσ’
912 2787 1099 2883 άνθρωποι,

236 2888 260 2973 ή
282 2917 341 2981 τιςι
354 2890 567 2963 ἀκουόντεσσι
587 2891 735 2975 νεωτάτη
755 2894 991 2988 ἀμφιπέληται.
1106 2936 1111 2943 -

238 3096 278 3163 οά
299 3092 364 3187 μάρ
383 3095 556 3177 Ὀδυσσεύς
578 3099 648 3178 οἶος
667 3099 816 3179 ἀπώλεσε
838 3098 997 3186 νόστιμον
1017 3091 1109 3184 ἦμαρ

140 3282 143 3287 ¹
163 3216 217 3267 355
238 3206 273 3265 ἐν
302 3203 417 3292 Τροίη,
439 3204 559 3268 πολλοὶ
581 3203 616 3269 δὲ
637 3205 695 3269 καὶ
716 3197 813 3269 ἀλλοι
835 3195 1114 3295 φῶτεςόλοντωο

163 3310 218 3361 360
281 3301 302 3382 ή
326 3306 386 3388 μὲν
406 3302 622 3391 θαμβήσασα
643 3302 745 3373 πάλιν
767 3303 895 3374 οἶκόνδε
916 3302 1064 3393 βεβήκει·

237 3401 356 3484 παιδός
376 3402 440 3495 γάρ
461 3412 577 3495 μῦθον
597 3414 802 3497 πεπνυμένον
824 3411 943 3476 ένθιτο
965 3411 1078 3496 θνμῷ.

239 3512 271 3585 ές
293 3508 322 3573 δ’
338 3508 455 3599 ὑπερῷ’
475 3510 634 3599 ἀναβᾶσα
657 3508 718 3582 σύν
739 3508 962 3606 ἀμφιπόλοισι
976 3511 1130 3605 φνναιξίν

238 3612 348 3678 κλαῖεν
370 3614 465 3680 ἔπειτ’
483 3614 628 3697 ’θδησῆα
649 3620 750 3709 φίλον
770 3614 884 3695 πόσιν,
907 3609 1000 3705 όφρα
1021 3618 1057 3679 ολ
1076 3609 1181 3679 ὕπνον

273 3806 324 3859 344
342 3802 437 3878 ἀνδρὸς
454 3808 504 3861 τοῦ
522 3811 594 3869 κλέος
611 3804 673 3883 εὗρὺ
692 3806 761 3883 na&
772 3806 883 3863 Ἑλλάδα
899 3811 945 3861 καὶ
960 3812 1040 3879 μέσον
1054 3807 1154 3880 Ἄργος.

274 3891 324 3945 356
344 3890 404 3947 ἀλλ’
418 3898 454 3953 εἰς
473 3895 545 3947 οἷκον
563 3895 640 3947 ἰοῦσα
657 3895 691 3948 τά
710 3890 736 3949 α’
750 3891 832 3965 αάτής
849 3899 911 3967 ἔργα
929 3890 1026 3964 κόμιζε,

344 3976 417 4033 ἱστόν
434 3974 462 4032 τ’
475 3973 607 4049 ἠλακάτην
625 4000 667 4043 τε,
685 3984 730 4033 καὶ
747 3976 921 4051 ἀμφιπόλοισι
938 3982 1022 4033 κέλευε

343 4068 417 4135 ἴρμον
436 4068 600 4131 ἐποίχεσθαι.
622 4062 712 4135 μῦθος
730 4068 747 4119 δ
774 4062 894 4137 ἄνδρεσσι
909 4062 1010 4137 μελήσει

345 4149 420 4213 πᾶσι,
438 4148 550 4221 μάλιστα
569 4146 595 4204 δ’
609 4155 680 4223 ἐμοί·
702 4150 752 4205 τοῦ
769 4150 821 4224 γὰρ
839 4146 935 4223 κράτος
951 4148 1005 4207 ἔστ’
1018 4154 1056 4206 M
1072 4157 1143 4219 ολιιη.

1045 4240 1062 4290 2
1076 4235 1091 4265 Ἰ
