<?xml version="1.0" encoding="UTF-8"?>
<!DOCTYPE html PUBLIC "-//W3C//DTD XHTML 1.0 Transitional//EN"
    "http://www.w3.org/TR/xhtml1/DTD/xhtml1-transitional.dtd">
<html xmlns="http://www.w3.org/1999/xhtml" xml:lang="en" lang="en">
 <head>
  <title>
</title>
<meta http-equiv="Content-Type" content="text/html;charset=utf-8" />
  <meta name='ocr-system' content='tesseract 3.04.00' />
  <meta name='ocr-capabilities' content='ocr_page ocr_carea ocr_par ocr_line ocrx_word'/>
</head>
<body>
  <div class='ocr_page' id='page_1' title='image "./homeriodyssea00bekkgoog_0266.png"; bbox 0 0 3259 4917; ppageno 0'>
   <div class='ocr_carea' id='block_1_1' title="bbox 484 544 1398 631">
    <p class='ocr_par' dir='ltr' id='par_1_1' title="bbox 484 544 1398 631">
     <span class='ocr_line' id='line_1_1' title="bbox 484 544 1398 631; baseline 0.007 -31"><span class='ocrx_word' id='word_1_1' title='bbox 484 608 489 617; x_wconf 54' lang='grc'><strong>,</strong></span> <span class='ocrx_word' id='word_1_2' title='bbox 605 544 892 603; x_wconf 62' lang='lat' dir='ltr'><strong><em>mmmm</em></strong></span> <span class='ocrx_word' id='word_1_3' title='bbox 1222 551 1274 606; x_wconf 80' lang='grc' dir='ltr'><strong><em>εετ</em></strong></span> <span class='ocrx_word' id='word_1_4' title='bbox 1338 584 1343 593; x_wconf 80' lang='lat'>-</span> <span class='ocrx_word' id='word_1_5' title='bbox 1395 627 1398 631; x_wconf 11' lang='lat' dir='ltr'><em>A</em></span> 
     </span>
    </p>
   </div>
   <div class='ocr_carea' id='block_1_2' title="bbox 130 694 1328 3371">
    <p class='ocr_par' dir='ltr' id='par_1_2' title="bbox 130 694 1328 3371">
     <span class='ocr_line' id='line_1_2' title="bbox 146 694 1163 793; baseline 0.005 -26"><span class='ocrx_word' id='word_1_6' title='bbox 146 701 197 767; x_wconf 89' lang='lat'><strong><em>17</em></strong></span> <span class='ocrx_word' id='word_1_7' title='bbox 215 695 294 782; x_wconf 78' lang='grc' dir='ltr'><strong><em>ἤτοι</em></strong></span> <span class='ocrx_word' id='word_1_8' title='bbox 316 696 336 766; x_wconf 86' lang='grc' dir='ltr'>ὅ</span> <span class='ocrx_word' id='word_1_9' title='bbox 358 698 389 784; x_wconf 93' lang='grc' dir='ltr'><strong><em>γ’</em></strong></span> <span class='ocrx_word' id='word_1_10' title='bbox 409 698 450 767; x_wconf 81' lang='grc' dir='ltr'><strong><em>οὐ</em></strong></span> <span class='ocrx_word' id='word_1_11' title='bbox 470 697 567 793; x_wconf 83' lang='grc' dir='ltr'><strong><em>σάφα</em></strong></span> <span class='ocrx_word' id='word_1_12' title='bbox 588 697 689 782; x_wconf 88' lang='grc' dir='ltr'><strong><em>οἶδεν,</em></strong></span> <span class='ocrx_word' id='word_1_13' title='bbox 713 694 802 789; x_wconf 82' lang='grc' dir='ltr'><strong><em>ἐμεῖο</em></strong></span> <span class='ocrx_word' id='word_1_14' title='bbox 826 706 861 772; x_wconf 81' lang='grc' dir='ltr'><strong><em>δέ</em></strong></span> <span class='ocrx_word' id='word_1_15' title='bbox 883 699 1010 771; x_wconf 88' lang='grc' dir='ltr'><strong><em>σύνθεο</em></strong></span> <span class='ocrx_word' id='word_1_16' title='bbox 1032 705 1163 791; x_wconf 80' lang='grc' dir='ltr'><strong><em>μῦθον·</em></strong></span> 
     </span>
     <span class='ocr_line' id='line_1_3' title="bbox 217 800 1061 893; baseline 0.004 -24"><span class='ocrx_word' id='word_1_17' title='bbox 217 802 379 893; x_wconf 76' lang='grc' dir='ltr'><strong><em>ἀτρεκέως</em></strong></span> <span class='ocrx_word' id='word_1_18' title='bbox 400 800 786 892; x_wconf 80' lang='grc' dir='ltr'><strong><em>γάρτοι-μαντεύσομαι</em></strong></span> <span class='ocrx_word' id='word_1_19' title='bbox 807 805 878 873; x_wconf 80' lang='grc' dir='ltr'><strong><em>οὐδ’</em></strong></span> <span class='ocrx_word' id='word_1_20' title='bbox 896 801 1061 873; x_wconf 85' lang='grc' dir='ltr'><strong><em>ἐπικεύσω.</em></strong></span> 
     </span>
     <span class='ocr_line' id='line_1_4' title="bbox 135 904 1095 998; baseline 0.007 -31"><span class='ocrx_word' id='word_1_21' title='bbox 135 917 197 968; x_wconf 83' lang='grc'><strong><em>155</em></strong></span> <span class='ocrx_word' id='word_1_22' title='bbox 218 906 299 974; x_wconf 83' lang='grc' dir='ltr'><strong><em>ἰ’στω</em></strong></span> <span class='ocrx_word' id='word_1_23' title='bbox 322 910 383 975; x_wconf 85' lang='grc' dir='ltr'><strong><em>νῦν</em></strong></span> <span class='ocrx_word' id='word_1_24' title='bbox 405 904 486 985; x_wconf 85' lang='grc' dir='ltr'><strong><em>Ζεύς</em></strong></span> <span class='ocrx_word' id='word_1_25' title='bbox 506 914 621 998; x_wconf 81' lang='grc' dir='ltr'><strong><em>πρῶτα</em></strong></span> <span class='ocrx_word' id='word_1_26' title='bbox 643 911 750 989; x_wconf 82' lang='grc' dir='ltr'><strong><em>θεάν,</em></strong></span> <span class='ocrx_word' id='word_1_27' title='bbox 773 910 862 991; x_wconf 84' lang='grc' dir='ltr'><strong><em>ξενίη</em></strong></span> <span class='ocrx_word' id='word_1_28' title='bbox 884 934 919 977; x_wconf 87' lang='grc' dir='ltr'><strong><em>τε</em></strong></span> <span class='ocrx_word' id='word_1_29' title='bbox 941 908 1095 995; x_wconf 85' lang='grc' dir='ltr'><strong><em>τράπεζα,</em></strong></span> 
     </span>
     <span class='ocr_line' id='line_1_5' title="bbox 130 1008 989 1103; baseline 0.002 -26"><span class='ocrx_word' id='word_1_30' title='bbox 130 1054 134 1059; x_wconf 97' lang='grc'>-</span> <span class='ocrx_word' id='word_1_31' title='bbox 218 1014 308 1091; x_wconf 82' lang='grc' dir='ltr'><em>ἱστίη</em></span> <span class='ocrx_word' id='word_1_32' title='bbox 331 1009 361 1076; x_wconf 92' lang='grc' dir='ltr'><strong><em>τ’</em></strong></span> <span class='ocrx_word' id='word_1_33' title='bbox 375 1010 535 1097; x_wconf 79' lang='grc' dir='ltr'><em>Ὀδυσῆος</em></span> <span class='ocrx_word' id='word_1_34' title='bbox 556 1010 740 1097; x_wconf 77' lang='grc' dir='ltr'><strong><em>ἀμύμονος,</em></strong></span> <span class='ocrx_word' id='word_1_35' title='bbox 762 1008 805 1093; x_wconf 82' lang='grc' dir='ltr'><strong><em>ἢν</em></strong></span> <span class='ocrx_word' id='word_1_36' title='bbox 827 1011 989 1103; x_wconf 79' lang='grc' dir='ltr'><em>ἀφικάνω,</em></span> 
     </span>
     <span class='ocr_line' id='line_1_6' title="bbox 219 1106 940 1208; baseline 0.003 -29"><span class='ocrx_word' id='word_1_37' title='bbox 219 1112 268 1199; x_wconf 30' lang='grc' dir='ltr'><strong><em>ὡς,</em></strong></span> <span class='ocrx_word' id='word_1_38' title='bbox 285 1106 361 1195; x_wconf 78' lang='grc' dir='ltr'><strong><em>ἤτοι</em></strong></span> <span class='ocrx_word' id='word_1_39' title='bbox 378 1110 532 1193; x_wconf 79' lang='grc' dir='ltr'><strong><em>Ὀδυσεύς</em></strong></span> <span class='ocrx_word' id='word_1_40' title='bbox 552 1111 616 1197; x_wconf 83' lang='grc' dir='ltr'><strong><em>ἤδη</em></strong></span> <span class='ocrx_word' id='word_1_41' title='bbox 639 1123 675 1183; x_wconf 82' lang='grc' dir='ltr'><strong><em>ἐν</em></strong></span> <span class='ocrx_word' id='word_1_42' title='bbox 696 1116 834 1204; x_wconf 89' lang='grc' dir='ltr'><strong><em>πατρίδι</em></strong></span> <span class='ocrx_word' id='word_1_43' title='bbox 854 1119 940 1208; x_wconf 82' lang='grc' dir='ltr'><strong><em>γαίη,</em></strong></span> 
     </span>
     <span class='ocr_line' id='line_1_7' title="bbox 217 1212 1075 1309; baseline 0.002 -26"><span class='ocrx_word' id='word_1_44' title='bbox 217 1213 341 1301; x_wconf 79' lang='grc' dir='ltr'><em>ἥμενος</em></span> <span class='ocrx_word' id='word_1_45' title='bbox 362 1212 385 1299; x_wconf 79' lang='grc' dir='ltr'><strong><em>ἢ</em></strong></span> <span class='ocrx_word' id='word_1_46' title='bbox 406 1224 527 1302; x_wconf 84' lang='grc' dir='ltr'><strong><em>ἔρπων,</em></strong></span> <span class='ocrx_word' id='word_1_47' title='bbox 548 1216 628 1285; x_wconf 89' lang='grc' dir='ltr'><strong><em>τάδε</em></strong></span> <span class='ocrx_word' id='word_1_48' title='bbox 648 1216 867 1305; x_wconf 78' lang='grc' dir='ltr'><strong><em>πευθόμενος·</em></strong></span> <span class='ocrx_word' id='word_1_49' title='bbox 879 1214 965 1285; x_wconf 88' lang='grc' dir='ltr'><strong><em>κακά</em></strong></span> <span class='ocrx_word' id='word_1_50' title='bbox 986 1222 1075 1309; x_wconf 79' lang='grc' dir='ltr'><strong><em>ἔργα,</em></strong></span> 
     </span>
     <span class='ocr_line' id='line_1_8' title="bbox 219 1316 1108 1414; baseline 0.004 -29"><span class='ocrx_word' id='word_1_51' title='bbox 219 1322 322 1399; x_wconf 85' lang='grc' dir='ltr'><strong><em>ἔστιν,</em></strong></span> <span class='ocrx_word' id='word_1_52' title='bbox 344 1316 430 1406; x_wconf 87' lang='grc' dir='ltr'><strong><em>ἀτάρ</em></strong></span> <span class='ocrx_word' id='word_1_53' title='bbox 452 1322 637 1405; x_wconf 82' lang='grc' dir='ltr'><strong><em>μνηστῆρσι</em></strong></span> <span class='ocrx_word' id='word_1_54' title='bbox 657 1318 760 1389; x_wconf 87' lang='grc' dir='ltr'><strong><em>κακὸν</em></strong></span> <span class='ocrx_word' id='word_1_55' title='bbox 781 1320 941 1389; x_wconf 87' lang='grc' dir='ltr'><strong><em>πάντεσσι</em></strong></span> <span class='ocrx_word' id='word_1_56' title='bbox 963 1319 1108 1414; x_wconf 61' lang='grc' dir='ltr'><strong><em>φνεεόειε</em></strong></span> 
     </span>
     <span class='ocr_line' id='line_1_9' title="bbox 141 1418 1030 1511; baseline 0.007 -23"><span class='ocrx_word' id='word_1_57' title='bbox 141 1436 200 1489; x_wconf 86' lang='grc'><strong><em>160</em></strong></span> <span class='ocrx_word' id='word_1_58' title='bbox 219 1433 315 1489; x_wconf 86' lang='grc' dir='ltr'><strong><em>τοῖον</em></strong></span> <span class='ocrx_word' id='word_1_59' title='bbox 336 1418 417 1509; x_wconf 82' lang='grc' dir='ltr'><strong><em>ἐγώυ</em></strong></span> <span class='ocrx_word' id='word_1_60' title='bbox 440 1419 559 1491; x_wconf 83' lang='grc' dir='ltr'><strong><em>οέιονάν</em></strong></span> <span class='ocrx_word' id='word_1_61' title='bbox 580 1427 758 1511; x_wconf 77' lang='grc' dir='ltr'><strong><em>ἐυσσέλμου</em></strong></span> <span class='ocrx_word' id='word_1_62' title='bbox 780 1430 840 1493; x_wconf 72' lang='grc' dir='ltr'><strong><em>ἐπί</em></strong></span> <span class='ocrx_word' id='word_1_63' title='bbox 855 1423 935 1507; x_wconf 89' lang='grc' dir='ltr'><strong><em>νηός</em></strong></span> <span class='ocrx_word' id='word_1_64' title='bbox 1026 1460 1030 1469; x_wconf 89' lang='grc'>·</span> 
     </span>
     <span class='ocr_line' id='line_1_10' title="bbox 219 1521 1074 1618; baseline 0.007 -29"><span class='ocrx_word' id='word_1_65' title='bbox 219 1521 342 1611; x_wconf 78' lang='grc' dir='ltr'><strong><em>ἥμενος</em></strong></span> <span class='ocrx_word' id='word_1_66' title='bbox 362 1523 562 1618; x_wconf 79' lang='grc' dir='ltr'><strong><em>ἐφρασάμην</em></strong></span> <span class='ocrx_word' id='word_1_67' title='bbox 582 1532 638 1595; x_wconf 78' lang='grc' dir='ltr'><strong><em>καὶ</em></strong></span> <span class='ocrx_word' id='word_1_68' title='bbox 668 1524 1074 1615; x_wconf 73' lang='grc' dir='ltr'><strong><em>Τηλεμάχῳ.ἐγεγύνενν.ν</em></strong></span> 
     </span>
     <span class='ocr_line' id='line_1_11' title="bbox 264 1622 1090 1725; baseline 0.004 -29"><span class='ocrx_word' id='word_1_69' title='bbox 264 1624 324 1697; x_wconf 84' lang='grc' dir='ltr'><strong><em>τόν</em></strong></span> <span class='ocrx_word' id='word_1_70' title='bbox 346 1629 376 1696; x_wconf 89' lang='grc' dir='ltr'><strong><em>δ’</em></strong></span> <span class='ocrx_word' id='word_1_71' title='bbox 393 1622 663 1725; x_wconf 23' lang='grc' dir='ltr'><strong><em>αὖτειπροσέειπε</em></strong></span> <span class='ocrx_word' id='word_1_72' title='bbox 685 1636 855 1723; x_wconf 81' lang='grc' dir='ltr'><strong><em>περίφρων</em></strong></span> <span class='ocrx_word' id='word_1_73' title='bbox 874 1628 1090 1713; x_wconf 79' lang='grc' dir='ltr'><strong><em>Πηνελόπεια</em></strong></span> 
     </span>
     <span class='ocr_line' id='line_1_12' title="bbox 227 1729 1160 1820; baseline 0.004 -23"><span class='ocrx_word' id='word_1_74' title='bbox 227 1732 287 1798; x_wconf 82' lang='grc' dir='ltr'><strong><em>«αἲ</em></strong></span> <span class='ocrx_word' id='word_1_75' title='bbox 308 1729 372 1820; x_wconf 90' lang='grc' dir='ltr'><strong><em>γάρ</em></strong></span> <span class='ocrx_word' id='word_1_76' title='bbox 394 1736 506 1815; x_wconf 75' lang='grc' dir='ltr'><strong><em>τοῦτο,</em></strong></span> <span class='ocrx_word' id='word_1_77' title='bbox 529 1733 626 1815; x_wconf 84' lang='grc' dir='ltr'><strong><em>ξεῖνε,</em></strong></span> <span class='ocrx_word' id='word_1_78' title='bbox 648 1738 725 1813; x_wconf 85' lang='grc' dir='ltr'><strong><em>ἔπος</em></strong></span> <span class='ocrx_word' id='word_1_79' title='bbox 746 1738 974 1820; x_wconf 81' lang='grc' dir='ltr'><strong><em>τετελεσμένον</em></strong></span> <span class='ocrx_word' id='word_1_80' title='bbox 995 1735 1060 1816; x_wconf 84' lang='grc' dir='ltr'><strong><em>είη·</em></strong></span> <span class='ocrx_word' id='word_1_81' title='bbox 1156 1766 1160 1771; x_wconf 65' lang='grc'><em>’</em></span> 
     </span>
     <span class='ocr_line' id='line_1_13' title="bbox 220 1833 1109 1929; baseline 0.001 -28"><span class='ocrx_word' id='word_1_82' title='bbox 220 1838 268 1919; x_wconf 75' lang='grc' dir='ltr'><strong><em>τῷ</em></strong></span> <span class='ocrx_word' id='word_1_83' title='bbox 289 1860 324 1902; x_wconf 83' lang='grc' dir='ltr'><strong><em>κε</em></strong></span> <span class='ocrx_word' id='word_1_84' title='bbox 345 1833 432 1922; x_wconf 90' lang='grc' dir='ltr'><strong><em>τάχα</em></strong></span> <span class='ocrx_word' id='word_1_85' title='bbox 453 1840 566 1922; x_wconf 77' lang='grc' dir='ltr'><strong><em>γνοίης</em></strong></span> <span class='ocrx_word' id='word_1_86' title='bbox 588 1834 752 1929; x_wconf 82' lang='grc' dir='ltr'><strong><em>φιλότητά</em></strong></span> <span class='ocrx_word' id='word_1_87' title='bbox 774 1842 807 1903; x_wconf 85' lang='grc' dir='ltr'><strong><em>τε</em></strong></span> <span class='ocrx_word' id='word_1_88' title='bbox 829 1836 939 1904; x_wconf 90' lang='grc' dir='ltr'><strong><em>πολλά</em></strong></span> <span class='ocrx_word' id='word_1_89' title='bbox 960 1861 995 1905; x_wconf 90' lang='grc' dir='ltr'><strong><em>τε</em></strong></span> <span class='ocrx_word' id='word_1_90' title='bbox 1017 1841 1109 1926; x_wconf 78' lang='grc' dir='ltr'><strong><em>δῶρα</em></strong></span> 
     </span>
     <span class='ocr_line' id='line_1_14' title="bbox 146 1935 1118 2029; baseline -0.002 -21"><span class='ocrx_word' id='word_1_91' title='bbox 146 1957 203 2008; x_wconf 80' lang='grc'><strong><em>165</em></strong></span> <span class='ocrx_word' id='word_1_92' title='bbox 222 1938 257 2019; x_wconf 81' lang='grc' dir='ltr'><strong><em>ἐξ</em></strong></span> <span class='ocrx_word' id='word_1_93' title='bbox 279 1942 368 2023; x_wconf 81' lang='grc' dir='ltr'><strong><em>ἐμεῦ,</em></strong></span> <span class='ocrx_word' id='word_1_94' title='bbox 391 1937 435 2017; x_wconf 81' lang='grc' dir='ltr'><strong><em>ὡς</em></strong></span> <span class='ocrx_word' id='word_1_95' title='bbox 456 1935 499 2007; x_wconf 86' lang='grc' dir='ltr'><strong><em>ἀν</em></strong></span> <span class='ocrx_word' id='word_1_96' title='bbox 519 1944 570 2018; x_wconf 87' lang='grc' dir='ltr'><strong><em>τίς</em></strong></span> <span class='ocrx_word' id='word_1_97' title='bbox 593 1964 628 2007; x_wconf 90' lang='grc' dir='ltr'><strong><em>σε</em></strong></span> <span class='ocrx_word' id='word_1_98' title='bbox 650 1938 892 2029; x_wconf 84' lang='grc' dir='ltr'><strong><em>συναντόμενος</em></strong></span> <span class='ocrx_word' id='word_1_99' title='bbox 912 1938 1118 2029; x_wconf 61' lang='grc' dir='ltr'><strong><em>μακαρίζοι.»</em></strong></span> 
     </span>
     <span class='ocr_line' id='line_1_15' title="bbox 266 2037 1116 2132; baseline 0.005 -25"><span class='ocrx_word' id='word_1_100' title='bbox 266 2037 310 2119; x_wconf 80' lang='grc' dir='ltr'><strong><em>ἀς</em></strong></span> <span class='ocrx_word' id='word_1_101' title='bbox 332 2046 364 2107; x_wconf 83' lang='grc' dir='ltr'><strong><em>οἱ</em></strong></span> <span class='ocrx_word' id='word_1_102' title='bbox 385 2045 445 2128; x_wconf 80' lang='grc' dir='ltr'><strong><em>μὲν</em></strong></span> <span class='ocrx_word' id='word_1_103' title='bbox 467 2047 605 2111; x_wconf 88' lang='grc' dir='ltr'><strong><em>τοιαῦτα</em></strong></span> <span class='ocrx_word' id='word_1_104' title='bbox 626 2038 709 2129; x_wconf 80' lang='grc' dir='ltr'><strong><em>πρὸς</em></strong></span> <span class='ocrx_word' id='word_1_105' title='bbox 731 2040 894 2126; x_wconf 81' lang='grc' dir='ltr'><strong><em>ἀλλήλους</em></strong></span> <span class='ocrx_word' id='word_1_106' title='bbox 915 2040 1085 2132; x_wconf 83' lang='grc' dir='ltr'><strong><em>ἀγόρευον,</em></strong></span> <span class='ocrx_word' id='word_1_107' title='bbox 1108 2078 1116 2085; x_wconf 49' lang='grc'><em>’</em></span> 
     </span>
     <span class='ocr_line' id='line_1_16' title="bbox 220 2144 1100 2234; baseline 0 -21"><span class='ocrx_word' id='word_1_108' title='bbox 220 2148 405 2233; x_wconf 82' lang='grc' dir='ltr'><strong><em>μνηστῆρες</em></strong></span> <span class='ocrx_word' id='word_1_109' title='bbox 428 2148 464 2213; x_wconf 82' lang='grc' dir='ltr'><strong><em>δέ</em></strong></span> <span class='ocrx_word' id='word_1_110' title='bbox 483 2144 651 2234; x_wconf 78' lang='grc' dir='ltr'><strong><em>πάροιθεν</em></strong></span> <span class='ocrx_word' id='word_1_111' title='bbox 669 2146 850 2228; x_wconf 84' lang='grc' dir='ltr'><strong><em>Ὀδυσσῆος</em></strong></span> <span class='ocrx_word' id='word_1_112' title='bbox 870 2144 1029 2233; x_wconf 84' lang='grc' dir='ltr'><strong><em>μεγάροιο</em></strong></span> <span class='ocrx_word' id='word_1_113' title='bbox 1095 2176 1100 2182; x_wconf 69' lang='grc'>’</span> 
     </span>
     <span class='ocr_line' id='line_1_17' title="bbox 222 2251 1070 2341; baseline -0.001 -26"><span class='ocrx_word' id='word_1_114' title='bbox 222 2251 381 2317; x_wconf 77' lang='grc' dir='ltr'><strong><em>δίσκοισιν</em></strong></span> <span class='ocrx_word' id='word_1_115' title='bbox 403 2255 561 2337; x_wconf 81' lang='grc' dir='ltr'><strong><em>τέρποντο</em></strong></span> <span class='ocrx_word' id='word_1_116' title='bbox 584 2254 641 2317; x_wconf 79' lang='grc' dir='ltr'><strong><em>καὶ</em></strong></span> <span class='ocrx_word' id='word_1_117' title='bbox 662 2255 851 2341; x_wconf 72' lang='grc' dir='ltr'><strong><em>αἰγανέῃσιν</em></strong></span> <span class='ocrx_word' id='word_1_118' title='bbox 872 2253 981 2327; x_wconf 78' lang='grc' dir='ltr'><strong><em>ἱέντες,</em></strong></span> <span class='ocrx_word' id='word_1_119' title='bbox 1067 2296 1070 2300; x_wconf 89' lang='grc'>-</span> 
     </span>
     <span class='ocr_line' id='line_1_18' title="bbox 223 2348 1239 2443; baseline 0 -26"><span class='ocrx_word' id='word_1_120' title='bbox 223 2358 258 2419; x_wconf 84' lang='grc' dir='ltr'><strong><em>ἔν</em></strong></span> <span class='ocrx_word' id='word_1_121' title='bbox 279 2356 383 2439; x_wconf 76' lang='grc' dir='ltr'><strong><em>τυκτῷ</em></strong></span> <span class='ocrx_word' id='word_1_122' title='bbox 405 2354 550 2437; x_wconf 82' lang='grc' dir='ltr'><strong><em>δαπέδῳ,</em></strong></span> <span class='ocrx_word' id='word_1_123' title='bbox 573 2348 635 2419; x_wconf 85' lang='grc' dir='ltr'><strong><em>ὅθι</em></strong></span> <span class='ocrx_word' id='word_1_124' title='bbox 657 2376 718 2443; x_wconf 88' lang='grc' dir='ltr'><strong><em>περ</em></strong></span> <span class='ocrx_word' id='word_1_125' title='bbox 739 2348 847 2439; x_wconf 88' lang='grc' dir='ltr'><strong><em>πάρος</em></strong></span> <span class='ocrx_word' id='word_1_126' title='bbox 868 2348 964 2437; x_wconf 77' lang='grc' dir='ltr'><strong><em>ὕβριν</em></strong></span> <span class='ocrx_word' id='word_1_127' title='bbox 985 2354 1127 2436; x_wconf 79' lang='grc' dir='ltr'><strong><em>ἔχεσκον.</em></strong></span> <span class='ocrx_word' id='word_1_128' title='bbox 1236 2388 1239 2393; x_wconf 97' lang='grc'>-</span> 
     </span>
     <span class='ocr_line' id='line_1_19' title="bbox 151 2446 1179 2539; baseline -0.005 -14"><span class='ocrx_word' id='word_1_129' title='bbox 151 2472 206 2525; x_wconf 82' lang='grc'><strong><em>170</em></strong></span> <span class='ocrx_word' id='word_1_130' title='bbox 225 2453 297 2523; x_wconf 88' lang='grc' dir='ltr'><strong><em>ἀλλ’</em></strong></span> <span class='ocrx_word' id='word_1_131' title='bbox 317 2451 371 2522; x_wconf 86' lang='grc' dir='ltr'><strong><em>ὅτε</em></strong></span> <span class='ocrx_word' id='word_1_132' title='bbox 395 2449 435 2535; x_wconf 81' lang='grc' dir='ltr'><strong><em>δὴ</em></strong></span> <span class='ocrx_word' id='word_1_133' title='bbox 459 2456 652 2535; x_wconf 83' lang='grc' dir='ltr'><strong><em>δείπνηστος</em></strong></span> <span class='ocrx_word' id='word_1_134' title='bbox 674 2458 730 2535; x_wconf 88' lang='grc' dir='ltr'><strong><em>ἔην</em></strong></span> <span class='ocrx_word' id='word_1_135' title='bbox 751 2458 808 2523; x_wconf 88' lang='grc' dir='ltr'><strong><em>καὶ</em></strong></span> <span class='ocrx_word' id='word_1_136' title='bbox 830 2450 977 2535; x_wconf 71' lang='grc' dir='ltr'><strong><em>ἐπηλνθε</em></strong></span> <span class='ocrx_word' id='word_1_137' title='bbox 998 2456 1091 2539; x_wconf 82' lang='grc' dir='ltr'><strong><em>μῆλα</em></strong></span> <span class='ocrx_word' id='word_1_138' title='bbox 1130 2468 1139 2481; x_wconf 85' lang='grc'><strong><em>’</em></strong></span> <span class='ocrx_word' id='word_1_139' title='bbox 1175 2446 1179 2453; x_wconf 74' lang='grc'><strong><em>’</em></strong></span> 
     </span>
     <span class='ocr_line' id='line_1_20' title="bbox 222 2552 1328 2647; baseline 0.001 -24"><span class='ocrx_word' id='word_1_140' title='bbox 222 2555 396 2625; x_wconf 78' lang='grc' dir='ltr'><strong><em>πάντοθεν</em></strong></span> <span class='ocrx_word' id='word_1_141' title='bbox 418 2557 452 2639; x_wconf 82' lang='grc' dir='ltr'><strong><em>ἐξ</em></strong></span> <span class='ocrx_word' id='word_1_142' title='bbox 473 2556 598 2647; x_wconf 78' lang='grc' dir='ltr'><strong><em>ἀγρῶν,</em></strong></span> <span class='ocrx_word' id='word_1_143' title='bbox 622 2563 654 2625; x_wconf 84' lang='grc' dir='ltr'><strong><em>σί</em></strong></span> <span class='ocrx_word' id='word_1_144' title='bbox 676 2556 706 2625; x_wconf 90' lang='grc' dir='ltr'><strong><em>δ’</em></strong></span> <span class='ocrx_word' id='word_1_145' title='bbox 724 2554 854 2643; x_wconf 80' lang='grc' dir='ltr'><strong><em>ἤγαγον</em></strong></span> <span class='ocrx_word' id='word_1_146' title='bbox 877 2559 911 2625; x_wconf 78' lang='grc' dir='ltr'><strong><em>οἳ</em></strong></span> <span class='ocrx_word' id='word_1_147' title='bbox 932 2552 972 2624; x_wconf 84' lang='grc' dir='ltr'><strong><em>τό</em></strong></span> <span class='ocrx_word' id='word_1_148' title='bbox 992 2554 1100 2647; x_wconf 88' lang='grc' dir='ltr'><strong><em>πάρος</em></strong></span> <span class='ocrx_word' id='word_1_149' title='bbox 1119 2580 1189 2645; x_wconf 91' lang='grc' dir='ltr'><strong><em>περ,</em></strong></span> <span class='ocrx_word' id='word_1_150' title='bbox 1235 2594 1239 2597; x_wconf 90' lang='grc'>-</span> <span class='ocrx_word' id='word_1_151' title='bbox 1321 2584 1328 2589; x_wconf 96' lang='grc'><em>·</em></span> 
     </span>
     <span class='ocr_line' id='line_1_21' title="bbox 222 2657 1187 2753; baseline 0.003 -27"><span class='ocrx_word' id='word_1_152' title='bbox 222 2665 279 2727; x_wconf 85' lang='grc' dir='ltr'><strong><em>καὶ</em></strong></span> <span class='ocrx_word' id='word_1_153' title='bbox 300 2657 374 2728; x_wconf 90' lang='grc' dir='ltr'><strong><em>τότε</em></strong></span> <span class='ocrx_word' id='word_1_154' title='bbox 396 2658 438 2743; x_wconf 77' lang='grc' dir='ltr'><strong><em>δή</em></strong></span> <span class='ocrx_word' id='word_1_155' title='bbox 460 2684 541 2753; x_wconf 87' lang='grc' dir='ltr'><strong><em>σφιν</em></strong></span> <span class='ocrx_word' id='word_1_156' title='bbox 562 2665 645 2729; x_wconf 87' lang='grc' dir='ltr'><strong><em>ἔειπε</em></strong></span> <span class='ocrx_word' id='word_1_157' title='bbox 668 2665 806 2729; x_wconf 84' lang='grc' dir='ltr'><strong><em>Μέδων·</em></strong></span> <span class='ocrx_word' id='word_1_158' title='bbox 830 2657 868 2738; x_wconf 81' lang='grc' dir='ltr'><strong><em>ὃς</em></strong></span> <span class='ocrx_word' id='word_1_159' title='bbox 888 2659 953 2751; x_wconf 91' lang='grc' dir='ltr'><strong><em>γάρ</em></strong></span> <span class='ocrx_word' id='word_1_160' title='bbox 975 2664 1021 2748; x_wconf 87' lang='grc' dir='ltr'><strong><em>ῥα</em></strong></span> <span class='ocrx_word' id='word_1_161' title='bbox 1041 2657 1187 2748; x_wconf 89' lang='grc' dir='ltr'><strong><em>μάλιστα</em></strong></span> 
     </span>
     <span class='ocr_line' id='line_1_22' title="bbox 223 2760 1071 2858; baseline 0.002 -29"><span class='ocrx_word' id='word_1_162' title='bbox 223 2760 344 2846; x_wconf 82' lang='grc' dir='ltr'><strong><em>ἥνδανε</em></strong></span> <span class='ocrx_word' id='word_1_163' title='bbox 365 2760 525 2851; x_wconf 81' lang='grc' dir='ltr'><strong><em>κηρύκων,</em></strong></span> <span class='ocrx_word' id='word_1_164' title='bbox 549 2769 609 2832; x_wconf 88' lang='grc' dir='ltr'><strong><em>καί</em></strong></span> <span class='ocrx_word' id='word_1_165' title='bbox 630 2789 711 2858; x_wconf 86' lang='grc' dir='ltr'><strong><em>σφιν</em></strong></span> <span class='ocrx_word' id='word_1_166' title='bbox 732 2768 945 2855; x_wconf 86' lang='grc' dir='ltr'><strong><em>παρεγίγνετο</em></strong></span> <span class='ocrx_word' id='word_1_167' title='bbox 969 2767 1071 2831; x_wconf 86' lang='grc' dir='ltr'><strong><em>δαιτί·</em></strong></span> 
     </span>
     <span class='ocr_line' id='line_1_23' title="bbox 230 2862 1183 2962; baseline 0.002 -29"><span class='ocrx_word' id='word_1_168' title='bbox 230 2869 377 2954; x_wconf 81' lang='grc' dir='ltr'><strong><em>«κοῦροι,</em></strong></span> <span class='ocrx_word' id='word_1_169' title='bbox 400 2873 468 2943; x_wconf 83' lang='grc' dir='ltr'><strong><em>ἐπεὶ</em></strong></span> <span class='ocrx_word' id='word_1_170' title='bbox 491 2864 532 2950; x_wconf 77' lang='grc' dir='ltr'><strong><em>δὴ</em></strong></span> <span class='ocrx_word' id='word_1_171' title='bbox 553 2862 675 2947; x_wconf 84' lang='grc' dir='ltr'><strong><em>πάντες</em></strong></span> <span class='ocrx_word' id='word_1_172' title='bbox 696 2862 883 2961; x_wconf 70' lang='grc' dir='ltr'><strong><em>ἐτέρφθητε</em></strong></span> <span class='ocrx_word' id='word_1_173' title='bbox 905 2867 1183 2962; x_wconf 29' lang='grc' dir='ltr'><strong><em>φρέν”ἀέθλοις,,</em></strong></span> 
     </span>
     <span class='ocr_line' id='line_1_24' title="bbox 155 2967 1069 3059; baseline -0.007 -18"><span class='ocrx_word' id='word_1_174' title='bbox 155 2990 207 3041; x_wconf 85' lang='grc'><strong><em>175</em></strong></span> <span class='ocrx_word' id='word_1_175' title='bbox 225 2973 362 3057; x_wconf 83' lang='grc' dir='ltr'><strong><em>ἔρχεσθε</em></strong></span> <span class='ocrx_word' id='word_1_176' title='bbox 383 2967 466 3059; x_wconf 82' lang='grc' dir='ltr'><strong><em>πρὸς</em></strong></span> <span class='ocrx_word' id='word_1_177' title='bbox 488 2970 629 3058; x_wconf 81' lang='grc' dir='ltr'><strong><em>δείμαθ’,</em></strong></span> <span class='ocrx_word' id='word_1_178' title='bbox 652 2971 696 3037; x_wconf 80' lang='grc' dir='ltr'><strong><em>ἔν’</em></strong></span> <span class='ocrx_word' id='word_1_179' title='bbox 717 2969 932 3057; x_wconf 77' lang='grc' dir='ltr'><strong><em>ἐντυνώμεθα</em></strong></span> <span class='ocrx_word' id='word_1_180' title='bbox 953 2973 1069 3037; x_wconf 83' lang='grc' dir='ltr'><strong><em>δαῖτα·</em></strong></span> 
     </span>
     <span class='ocr_line' id='line_1_25' title="bbox 224 3071 1122 3166; baseline -0.003 -27"><span class='ocrx_word' id='word_1_181' title='bbox 224 3071 264 3139; x_wconf 85' lang='grc' dir='ltr'><strong><em>ού</em></strong></span> <span class='ocrx_word' id='word_1_182' title='bbox 284 3076 344 3160; x_wconf 85' lang='grc' dir='ltr'><strong><em>μέν</em></strong></span> <span class='ocrx_word' id='word_1_183' title='bbox 365 3071 430 3160; x_wconf 89' lang='grc' dir='ltr'><strong><em>γάρ</em></strong></span> <span class='ocrx_word' id='word_1_184' title='bbox 451 3098 484 3141; x_wconf 91' lang='grc' dir='ltr'><strong><em>τι</em></strong></span> <span class='ocrx_word' id='word_1_185' title='bbox 502 3080 629 3160; x_wconf 78' lang='grc' dir='ltr'><strong><em>χέρειον</em></strong></span> <span class='ocrx_word' id='word_1_186' title='bbox 651 3080 686 3140; x_wconf 88' lang='grc' dir='ltr'><strong><em>ἐν</em></strong></span> <span class='ocrx_word' id='word_1_187' title='bbox 708 3071 774 3166; x_wconf 80' lang='grc' dir='ltr'><strong><em>ὥρη</em></strong></span> <span class='ocrx_word' id='word_1_188' title='bbox 797 3077 931 3139; x_wconf 86' lang='grc' dir='ltr'><strong><em>δεῖπνον</em></strong></span> <span class='ocrx_word' id='word_1_189' title='bbox 950 3075 1122 3138; x_wconf 76' lang='grc' dir='ltr'><strong><em>ἑλέσθαι»</em></strong></span> 
     </span>
     <span class='ocr_line' id='line_1_26' title="bbox 267 3166 1230 3269; baseline -0.003 -26"><span class='ocrx_word' id='word_1_190' title='bbox 267 3171 311 3253; x_wconf 83' lang='grc' dir='ltr'><strong><em>ιδς</em></strong></span> <span class='ocrx_word' id='word_1_191' title='bbox 333 3177 447 3269; x_wconf 77' lang='grc' dir='ltr'><strong><em>ἔφαθ’,</em></strong></span> <span class='ocrx_word' id='word_1_192' title='bbox 471 3182 503 3243; x_wconf 85' lang='grc' dir='ltr'><strong><em>οί</em></strong></span> <span class='ocrx_word' id='word_1_193' title='bbox 525 3175 554 3242; x_wconf 88' lang='grc' dir='ltr'><strong><em>δ’</em></strong></span> <span class='ocrx_word' id='word_1_194' title='bbox 574 3172 753 3254; x_wconf 77' lang='grc' dir='ltr'><strong><em>ἀνστάντες</em></strong></span> <span class='ocrx_word' id='word_1_195' title='bbox 773 3178 858 3261; x_wconf 81' lang='grc' dir='ltr'><strong><em>ἔβαν</em></strong></span> <span class='ocrx_word' id='word_1_196' title='bbox 878 3170 1041 3241; x_wconf 89' lang='grc' dir='ltr'><strong><em>πείθοντό</em></strong></span> <span class='ocrx_word' id='word_1_197' title='bbox 1063 3198 1098 3241; x_wconf 89' lang='grc' dir='ltr'><strong><em>τε</em></strong></span> <span class='ocrx_word' id='word_1_198' title='bbox 1119 3166 1230 3261; x_wconf 69' lang='grc' dir='ltr'><strong><em>μύθῳ,</em></strong></span> 
     </span>
     <span class='ocr_line' id='line_1_27' title="bbox 225 3264 1052 3371; baseline 0 -26"><span class='ocrx_word' id='word_1_199' title='bbox 225 3276 329 3367; x_wconf 84' lang='grc' dir='ltr'><strong><em>αὐτάρ</em></strong></span> <span class='ocrx_word' id='word_1_200' title='bbox 352 3282 422 3347; x_wconf 84' lang='grc' dir='ltr'><strong><em>ἐπεί</em></strong></span> <span class='ocrx_word' id='word_1_201' title='bbox 442 3278 474 3368; x_wconf 85' lang='grc' dir='ltr'><strong><em>ῥ’</em></strong></span> <span class='ocrx_word' id='word_1_202' title='bbox 494 3285 605 3371; x_wconf 79' lang='grc' dir='ltr'><strong><em>ἵκοντο</em></strong></span> <span class='ocrx_word' id='word_1_203' title='bbox 628 3264 751 3369; x_wconf 70' lang='grc' dir='ltr'><strong><em>δόμους</em></strong></span> <span class='ocrx_word' id='word_1_204' title='bbox 772 3268 808 3347; x_wconf 82' lang='grc' dir='ltr'><strong><em>εὖ</em></strong></span> <span class='ocrx_word' id='word_1_205' title='bbox 828 3275 1052 3359; x_wconf 82' lang='grc' dir='ltr'><strong><em>ναιετάοντας,</em></strong></span> 
     </span>
    </p>
   </div>
   <div class='ocr_carea' id='block_1_3' title="bbox 220 3378 1420 3472">
    <p class='ocr_par' dir='ltr' id='par_1_3' title="bbox 220 3378 1420 3472">
     <span class='ocr_line' id='line_1_28' title="bbox 220 3378 1420 3472; baseline 0.003 -25"><span class='ocrx_word' id='word_1_206' title='bbox 220 3384 361 3468; x_wconf 84' lang='grc' dir='ltr'><strong><em>χλαίνας</em></strong></span> <span class='ocrx_word' id='word_1_207' title='bbox 381 3386 644 3469; x_wconf 39' lang='grc' dir='ltr'><strong><em>μένιιιατέθεντο</em></strong></span> <span class='ocrx_word' id='word_1_208' title='bbox 666 3381 754 3451; x_wconf 88' lang='grc' dir='ltr'><strong><em>κατά</em></strong></span> <span class='ocrx_word' id='word_1_209' title='bbox 773 3379 928 3469; x_wconf 83' lang='grc' dir='ltr'><strong><em>κλισμούς</em></strong></span> <span class='ocrx_word' id='word_1_210' title='bbox 948 3406 984 3449; x_wconf 87' lang='grc' dir='ltr'><strong><em>τε</em></strong></span> <span class='ocrx_word' id='word_1_211' title='bbox 1005 3380 1154 3472; x_wconf 88' lang='grc' dir='ltr'><strong><em>θρόνους</em></strong></span> <span class='ocrx_word' id='word_1_212' title='bbox 1174 3406 1219 3463; x_wconf 86' lang='grc' dir='ltr'><strong><em>τε,</em></strong></span> <span class='ocrx_word' id='word_1_213' title='bbox 1413 3378 1420 3390; x_wconf 78' lang='grc'><strong><em>’</em></strong></span> 
     </span>
    </p>
   </div>
   <div class='ocr_carea' id='block_1_4' title="bbox 158 3481 1200 4259">
    <p class='ocr_par' dir='ltr' id='par_1_4' title="bbox 158 3481 1200 4259">
     <span class='ocr_line' id='line_1_29' title="bbox 158 3481 1052 3573; baseline -0.009 -15"><span class='ocrx_word' id='word_1_214' title='bbox 158 3504 208 3559; x_wconf 84' lang='grc'><strong><em>180</em></strong></span> <span class='ocrx_word' id='word_1_215' title='bbox 226 3490 257 3551; x_wconf 87' lang='grc' dir='ltr'><strong><em>οί</em></strong></span> <span class='ocrx_word' id='word_1_216' title='bbox 280 3484 308 3551; x_wconf 89' lang='grc' dir='ltr'><strong><em>δ’</em></strong></span> <span class='ocrx_word' id='word_1_217' title='bbox 329 3489 453 3572; x_wconf 84' lang='grc' dir='ltr'><strong><em>ἱέρευον</em></strong></span> <span class='ocrx_word' id='word_1_218' title='bbox 475 3482 524 3565; x_wconf 86' lang='grc' dir='ltr'><strong><em>όις</em></strong></span> <span class='ocrx_word' id='word_1_219' title='bbox 544 3486 707 3573; x_wconf 89' lang='grc' dir='ltr'><strong><em>μεγάλους</em></strong></span> <span class='ocrx_word' id='word_1_220' title='bbox 728 3492 785 3557; x_wconf 82' lang='grc' dir='ltr'><strong><em>καὶ</em></strong></span> <span class='ocrx_word' id='word_1_221' title='bbox 806 3491 925 3563; x_wconf 88' lang='grc' dir='ltr'><strong><em>πίονας</em></strong></span> <span class='ocrx_word' id='word_1_222' title='bbox 946 3481 1052 3570; x_wconf 77' lang='grc' dir='ltr'><strong><em>αἶγας,</em></strong></span> 
     </span>
     <span class='ocr_line' id='line_1_30' title="bbox 225 3586 1104 3674; baseline -0.005 -19"><span class='ocrx_word' id='word_1_223' title='bbox 225 3592 335 3674; x_wconf 78' lang='grc' dir='ltr'><strong><em>ἵρευον</em></strong></span> <span class='ocrx_word' id='word_1_224' title='bbox 357 3589 391 3653; x_wconf 86' lang='grc' dir='ltr'><strong><em>δέ</em></strong></span> <span class='ocrx_word' id='word_1_225' title='bbox 414 3586 495 3666; x_wconf 89' lang='grc' dir='ltr'><strong><em>σύας</em></strong></span> <span class='ocrx_word' id='word_1_226' title='bbox 517 3587 652 3667; x_wconf 90' lang='grc' dir='ltr'><strong><em>σιάλους</em></strong></span> <span class='ocrx_word' id='word_1_227' title='bbox 672 3594 728 3655; x_wconf 85' lang='grc' dir='ltr'><strong><em>καὶ</em></strong></span> <span class='ocrx_word' id='word_1_228' title='bbox 749 3588 834 3674; x_wconf 72' lang='grc' dir='ltr'><strong><em>βοάν</em></strong></span> <span class='ocrx_word' id='word_1_229' title='bbox 854 3588 1022 3671; x_wconf 90' lang='grc' dir='ltr'><strong><em>ἀγελαίην,</em></strong></span> <span class='ocrx_word' id='word_1_230' title='bbox 1100 3636 1104 3642; x_wconf 73' lang='lat'><strong>.</strong></span> 
     </span>
     <span class='ocr_line' id='line_1_31' title="bbox 225 3686 1030 3775; baseline -0.009 -16"><span class='ocrx_word' id='word_1_231' title='bbox 225 3689 310 3759; x_wconf 81' lang='grc' dir='ltr'><strong><em>δαῖτ’</em></strong></span> <span class='ocrx_word' id='word_1_232' title='bbox 332 3687 547 3774; x_wconf 85' lang='grc' dir='ltr'><strong><em>ἐντυνόμενοι.</em></strong></span> <span class='ocrx_word' id='word_1_233' title='bbox 576 3696 629 3759; x_wconf 85' lang='grc' dir='ltr'><strong><em>τοὶ</em></strong></span> <span class='ocrx_word' id='word_1_234' title='bbox 651 3690 681 3757; x_wconf 90' lang='grc' dir='ltr'><strong><em>δ’</em></strong></span> <span class='ocrx_word' id='word_1_235' title='bbox 702 3690 736 3770; x_wconf 85' lang='grc' dir='ltr'><strong><em>ἐξ</em></strong></span> <span class='ocrx_word' id='word_1_236' title='bbox 758 3690 875 3775; x_wconf 84' lang='grc' dir='ltr'><strong><em>ἀγροῖο</em></strong></span> <span class='ocrx_word' id='word_1_237' title='bbox 897 3686 1030 3754; x_wconf 91' lang='grc' dir='ltr'><strong><em>πόλινδε</em></strong></span> 
     </span>
     <span class='ocr_line' id='line_1_32' title="bbox 225 3786 1076 3883; baseline -0.007 -22"><span class='ocrx_word' id='word_1_238' title='bbox 225 3791 398 3883; x_wconf 83' lang='grc' dir='ltr'><strong><em>ὠτρύνοντ’</em></strong></span> <span class='ocrx_word' id='word_1_239' title='bbox 423 3789 573 3870; x_wconf 86' lang='grc' dir='ltr'><strong><em>Ὀδυσεύς</em></strong></span> <span class='ocrx_word' id='word_1_240' title='bbox 594 3792 623 3858; x_wconf 83' lang='grc' dir='ltr'><strong><em>τ’</em></strong></span> <span class='ocrx_word' id='word_1_241' title='bbox 643 3797 726 3859; x_wconf 84' lang='grc' dir='ltr'><strong><em>ἐέναι</em></strong></span> <span class='ocrx_word' id='word_1_242' title='bbox 747 3796 804 3859; x_wconf 85' lang='grc' dir='ltr'><strong><em>καὶ</em></strong></span> <span class='ocrx_word' id='word_1_243' title='bbox 826 3795 897 3869; x_wconf 86' lang='grc' dir='ltr'><strong><em>δῖος</em></strong></span> <span class='ocrx_word' id='word_1_244' title='bbox 917 3786 1076 3883; x_wconf 75' lang='grc' dir='ltr'><strong><em>ὑφορβός.</em></strong></span> 
     </span>
     <span class='ocr_line' id='line_1_33' title="bbox 225 3887 1200 3983; baseline -0.004 -21"><span class='ocrx_word' id='word_1_245' title='bbox 225 3906 312 3967; x_wconf 88' lang='grc' dir='ltr'><strong><em>τοῖσι</em></strong></span> <span class='ocrx_word' id='word_1_246' title='bbox 334 3898 369 3962; x_wconf 87' lang='grc' dir='ltr'><strong><em>δέ</em></strong></span> <span class='ocrx_word' id='word_1_247' title='bbox 390 3890 512 3981; x_wconf 84' lang='grc' dir='ltr'><strong><em>μύθων</em></strong></span> <span class='ocrx_word' id='word_1_248' title='bbox 532 3887 613 3982; x_wconf 82' lang='grc' dir='ltr'><strong><em>ἦρχε</em></strong></span> <span class='ocrx_word' id='word_1_249' title='bbox 637 3892 784 3980; x_wconf 79' lang='grc' dir='ltr'><strong><em>συβώτης</em></strong></span> <span class='ocrx_word' id='word_1_250' title='bbox 806 3891 954 3983; x_wconf 79' lang='grc' dir='ltr'><strong><em>ὄρχαμος</em></strong></span> <span class='ocrx_word' id='word_1_251' title='bbox 975 3892 1113 3981; x_wconf 79' lang='grc' dir='ltr'><strong><em>ἀνδρῶν.</em></strong></span> <span class='ocrx_word' id='word_1_252' title='bbox 1197 3917 1200 3924; x_wconf 92' lang='grc'><strong><em>·</em></strong></span> 
     </span>
     <span class='ocr_line' id='line_1_34' title="bbox 161 3991 1143 4085; baseline 0.003 -25"><span class='ocrx_word' id='word_1_253' title='bbox 161 3991 210 4079; x_wconf 58' lang='grc' dir='ltr'><strong><em>,ἐς</em></strong></span> <span class='ocrx_word' id='word_1_254' title='bbox 234 3999 340 4081; x_wconf 78' lang='grc' dir='ltr'><strong><em>«ξεῖν’,</em></strong></span> <span class='ocrx_word' id='word_1_255' title='bbox 363 4001 431 4065; x_wconf 84' lang='grc' dir='ltr'><strong><em>ἐπεὶ</em></strong></span> <span class='ocrx_word' id='word_1_256' title='bbox 453 3992 495 4085; x_wconf 92' lang='grc' dir='ltr'><strong><em>ἀρ</em></strong></span> <span class='ocrx_word' id='word_1_257' title='bbox 519 3994 560 4079; x_wconf 80' lang='grc' dir='ltr'><strong><em>δὴ</em></strong></span> <span class='ocrx_word' id='word_1_258' title='bbox 583 4002 693 4065; x_wconf 90' lang='grc' dir='ltr'><strong><em>ἔπειτα</em></strong></span> <span class='ocrx_word' id='word_1_259' title='bbox 714 3996 841 4065; x_wconf 87' lang='grc' dir='ltr'><strong><em>πόλινδ’</em></strong></span> <span class='ocrx_word' id='word_1_260' title='bbox 861 4001 945 4064; x_wconf 73' lang='grc' dir='ltr'><strong><em>ἰέναι</em></strong></span> <span class='ocrx_word' id='word_1_261' title='bbox 965 4000 1143 4084; x_wconf 84' lang='grc' dir='ltr'><strong><em>μενεαίνεις</em></strong></span> 
     </span>
     <span class='ocr_line' id='line_1_35' title="bbox 227 4090 1190 4191; baseline -0.004 -21"><span class='ocrx_word' id='word_1_262' title='bbox 227 4100 385 4191; x_wconf 85' lang='grc' dir='ltr'><strong><em>σήμερον,</em></strong></span> <span class='ocrx_word' id='word_1_263' title='bbox 407 4099 451 4181; x_wconf 86' lang='grc' dir='ltr'><strong><em>ὡς</em></strong></span> <span class='ocrx_word' id='word_1_264' title='bbox 471 4104 638 4171; x_wconf 85' lang='grc' dir='ltr'><strong><em>ἐπέτελλεν</em></strong></span> <span class='ocrx_word' id='word_1_265' title='bbox 659 4097 745 4183; x_wconf 82' lang='grc' dir='ltr'><strong><em>ἀναξ</em></strong></span> <span class='ocrx_word' id='word_1_266' title='bbox 766 4098 853 4189; x_wconf 81' lang='grc' dir='ltr'><strong><em>ἐμός,</em></strong></span> <span class='ocrx_word' id='word_1_267' title='bbox 873 4138 909 4155; x_wconf 91' lang='lat'><strong><em>-·</em></strong></span> <span class='ocrx_word' id='word_1_268' title='bbox 931 4090 956 4182; x_wconf 80' lang='grc' dir='ltr'><strong><em>ἦ</em></strong></span> <span class='ocrx_word' id='word_1_269' title='bbox 977 4098 1009 4166; x_wconf 87' lang='grc' dir='ltr'><strong><em>σ’</em></strong></span> <span class='ocrx_word' id='word_1_270' title='bbox 1023 4095 1070 4171; x_wconf 89' lang='grc' dir='ltr'><strong><em>,ἀν</em></strong></span> <span class='ocrx_word' id='word_1_271' title='bbox 1090 4102 1190 4186; x_wconf 82' lang='grc' dir='ltr'><strong><em>έγογε</em></strong></span> 
     </span>
     <span class='ocr_line' id='line_1_36' title="bbox 1035 4208 1067 4259; baseline -0.031 0"><span class='ocrx_word' id='word_1_272' title='bbox 1035 4208 1067 4259; x_wconf 83' lang='grc'><strong><em>17</em></strong></span> 
     </span>
    </p>
   </div>
   <div class='ocr_carea' id='block_1_5' title="bbox 0 0 1674 4917">
    <p class='ocr_par' dir='ltr' id='par_1_5' title="bbox 0 0 1674 4917">
     <span class='ocr_line' id='line_1_37' title="bbox 0 0 1674 4917; baseline 0 0"><span class='ocrx_word' id='word_1_273' title='bbox 0 0 1674 4917; x_wconf 95' lang='lat' dir='ltr'><strong><em> </em></strong></span> 
     </span>
    </p>
   </div>
  </div>
 </body>
</html>
