3259 4917
324 563 360 615 τε
685 560 926 615 mmm
951 562 984 615 A.
1001 561 1026 613 ε
1062 626 1071 637 ‚

282 716 298 781 1
327 712 384 783 ἶσα
407 717 442 782 δέ
463 736 522 801 μιν
542 714 639 807 κεδνῇ
661 710 771 801 ἀλόχῳ
793 719 871 782 τίεν.
883 721 920 781 ἐν
940 711 1144 803 μεγάροισιν,

328 818 402 911 εὐνῇ
424 817 454 885 δ’
472 812 511 885 οίί
531 815 607 883 ποτ’
628 818 753 903 έμικτο,
771 814 875 904 χόλον
897 816 927 885 δ’
943 816 1067 885 ἀλέεινε
1089 817 1260 902 γυναικός·

329 919 352 1004 ή
376 926 409 987 σί
431 918 487 1008 ἀμ’
508 922 695 1007 αἰθομένας
717 922 836 999 δαίδας
857 927 953 1012 φέρε,
974 924 1031 987 καί
1052 926 1067 987 έ
1089 918 1239 1006 μάλιστα

259 1032 311 1083 435
329 1020 470 1111 δμωάων
491 1026 652 1116 φιλέεσκε,
674 1027 731 1090 καὶ
753 1026 868 1115 έτρεφε
891 1019 1018 1091 τυτθόν
1040 1020 1148 1091 ἐόντα.

328 1119 422 1207 ὤιξεν
444 1128 478 1193 δέ
499 1122 613 1213 θύρας
634 1123 797 1211 θαλάμου
817 1124 908 1193 πύκα
927 1137 1091 1209 ποιητοῖο,

329 1230 415 1309 έζετο
438 1228 468 1295 δ’
484 1235 520 1297 ἐν
541 1231 677 1319 λέκτρῳ,
697 1225 851 1316 μαλακόν
874 1228 903 1296 δ’
919 1231 1028 1313 έκδυνε
1047 1233 1185 1316 χιτῶνα·
1203 1221 1208 1227 ’

328 1328 466 1400 καὶτὸν
486 1335 547 1419 μὲν
568 1334 686 1418 γραίης
707 1334 905 1418 πυκιμηδέος
925 1334 1048 1418 έμβαλε
1066 1337 1190 1423 χερσίν.
1272 1395 1275 1408 ,

328 1434 350 1516 ή
373 1438 433 1521 μὲν
453 1429 514 1503 τόν
533 1430 685 1515 πτύξασα
708 1438 764 1502 καὶ
777 1432 966 1517 ,ἀσκήσασα
983 1439 1116 1522 χιτῶνα,

258 1543 312 1597 440
329 1535 491 1623 πασσάλῳ
513 1533 752 1626 ἀγκρεμάσασα
773 1532 867 1626 παρά
878 1546 1022 1626 Ιτρητοῖς
1041 1541 1214 1625 λεχέεσσιν,

329 1642 376 1725 βῆ
398 1640 429 1729 ῥ’
448 1640 521 1727 ’ίμεν
542 1647 577 1707 ἐκ
599 1638 788 1727 θαλάμοιο,
814 1638 927 1729 θύρην
949 1640 978 1707 δ’
995 1646 1149 1731 ἐπέρυσσε
1170 1640 1296 1734 κορώνη

330 1741 482 1835 ἀργυρέη,
505 1746 558 1812 ἐπὶ
581 1746 615 1811 δέ
636 1742 741 1825 κληῖδ’
760 1740 938 1811 ἐτάνυσσεν
958 1740 1090 1829 ίμάντι.’

329 1845 406 1913 ἔνθ’
426 1842 445 1914 ὅ
467 1871 504 1932 γε
524 1843 715 1933 παννύχιος,
737 1850 979 1934 κεκαλυμμένος
1000 1842 1074 1925 υίὸς·
1092 1844 1197 1933 ἀάτῳ,

328 1945 463 2032 βούλευε
485 1952 603 2042 φρεσὶν
623 1942 698 2039 ᾗσιν
720 1946 801 2018 ὁδὸν
822 1945 884 2031 τήν
905 1948 1049 2041 πέφραδ’
1066 1948 1205 2032 Ἀθήνη.

281 2053 305 2105 Β
372 2042 458 2138 ἦμος
479 2052 509 2120 δ’
523 2052 688 2141 ἠριγένεια
710 2051 802 2144 φάνη
825 2050 1068 2142 ῥοδοδάκτυλος
1089 2051 1164 2135 ήάς,

329 2148 443 2241 ὤρνυτ’
463 2150 517 2245 ἀρ’
536 2155 571 2236 ἐξ
593 2154 730 2246 εὐνῆφιν
749 2155 929 2240 Ὀδυσσῆος
952 2159 1050 2247 φίλος
1072 2154 1143 2235 υἱός

329 2262 449 2343 εἵματα
470 2256 666 2345 ἑσσάμενος,
687 2261 762 2347 περὶ
784 2260 821 2325 δὲ
841 2258 939 2350 ξίφος
961 2254 1021 2341 ὀξύ
1042 2259 1117 2327 θέτ’
1136 2254 1222 2345 ὤμῳ,

328 2365 430 2429 ποσσὶ
452 2360 483 2429 δ’
498 2355 561 2429 ὑπὸ
584 2365 772 2451 λιπαροῖσιν
795 2360 937 2444 ἐδήσατο
960 2357 1047 2429 καλά
1068 2364 1194 2441 πέδιλα,

294 2462 375 2546 5βῆ
397 2463 426 2531 δ’
442 2464 514 2550 ίμεν
535 2471 570 2530 ἐκ
592 2463 766 2551 θαλάμοιο
790 2468 864 2549 θεῷ
886 2467 1069 2551 ἐναλίγκιος
1091 2460 1204 2546 άντην.

330 2562 417 2655 alapa
439 2569 474 2633 δὲ
495 2564 669 2655 κηρύκεσσι
689 2564 949 2660 λιγυφθόγγοισι
969 2571 1118 2635 κέλευσεν

328 2666 501 2756 κηρύσσειν
522 2667 684 2759 ἀγορήνδε
706 2668 984 2758 καρηκομόωντας
1002 2666 1160 2756 Ἀχαιούς.

330 2775 361 2837 ολ
383 2774 443 2858 μὲν
464 2768 658 2862 ἐκήρυσσον,
680 2777 733 2841 τοὶ
755 2772 786 2839 δ’
803 2772 975 2860 ήγείροντο
997 2768 1076 2858 μάλ’
1096 2763 1174 2838 ὦκα.

330 2868 435 2961 αὐτάρ
458 2879 527 2945 ἐπεί
547 2875 576 2962 ῥ’
599 2870 745 2967 ήγερθεν
766 2875 940 2963 ὁμηγερέες
960 2872 990 2941 τ’
1011 2878 1172 2959 ἐγένοντο,

279 2981 312 3034 10
328 2978 376 3063 βῆ
397 2976 429 3067 ῥ’
447 2977 520 3065 ίμεν
542 2986 587 3057 εὶς
608 2977 750 3071 ἀγορήν,
771 2975 909 3070 παλάμη
932 2974 961 3044 δ’
977 2980 1027 3064 έχε
1045 2973 1188 3063 χάλκεον
1210 2981 1311 3065 έγχος,

330 3079 388 3147 οὐκ
410 3080 496 3161 οἶος·
520 3079 592 3169 ἅμα
614 3088 660 3169 τῷ
681 3078 718 3171 γε
740 3080 833 3160 κύνες
854 3078 962 3159 πόδας
984 3078 1083 3167 ἀργοὶ
1105 3087 1232 3150 έποντο.

328 3186 514 3267 θεσπεσίην
539 3186 569 3253 δ’
586 3182 652 3277 άρα
675 3190 722 3273 τῳ
743 3212 780 3273 γε
798 3181 899 3275 χάριν
920 3190 1090 3271 κατέχευεν
1110 3182 1253 3267 Ἀθήνη·

284 3375 288 3383 ⁴
327 3281 387 3353 τόν
409 3287 439 3354 δ’
455 3283 522 3377 ἀρα
543 3286 664 3382 πάντες
686 3294 763 3358 λαοὶ
785 3285 1005 3377 ἐπερχόμενον
1026 3290 1184 3369 θηεῦντο.
1285 3312 1289 3321 ’

330 3390 416 3468 έζετο
439 3389 469 3457 δ’
486 3398 521 3459 ἐν
542 3388 668 3480 πατρός
690 3390 807 3479 θώκῳ,
832 3380 922 3472 εἶξαν
943 3394 979 3459 δέ
1000 3396 1161 3481 γέροντες.

279 3496 311 3547 15
328 3500 416 3561 τοῖσι
438 3492 467 3560 δ’
482 3495 589 3562 ἔπειθ’
609 3494 697 3586 ήρως
719 3493 902 3583 Αἰγύπτιος
921 3486 995 3585 ἦρχ’
1016 3491 1192 3583 ἀγορεύειν,

330 3590 367 3672 ὃς
389 3593 430 3678 δή
452 3596 558 3694 γήραϊ,
574 3594 679 3689 κυφὸς
697 3602 758 3681 έην
779 3602 837 3665 καὶ
857 3601 959 3685 μυρία
981 3592 1054 3688 ήδη.
1233 3681 1244 3700 ⁸

329 3700 385 3764 καὶ
406 3694 470 3789 γάρ
493 3705 552 3767 τοῦ
575 3705 673 3792 φίλος
695 3698 766 3781 υίός
788 3699 847 3789 ἀμ’
867 3698 1015 3786 ἀντιθέῳ
1034 3698 1172 3781 Ὀδυσῆι

324 3794 426 3867 ’Ίλιον
449 3809 493 3881 είς
516 3798 662 3871 εὔπωλον
684 3808 743 3889 ἔβη
766 3809 878 3897 κοίλης
900 3807 948 3871 ἐνὶ
970 3807 1096 3885 νηυσίν,

328 3896 480 3995 Ἄντιφος
502 3904 678 3993 αἰχμητής·
700 3903 760 3975 τὸν
782 3906 811 3973 δ’
828 3902 942 3997 ἀγριος
963 3910 1076 3973 έκτανε
1097 3902 1247 3992 Κύκλωψ

277 4010 312 4063 20
330 4012 366 4074 ὲν
388 4010 470 4089 σπῆι
489 4011 664 4101 γλαφυρῷ,
685 4007 838 4098 πύματον
861 4008 890 4077 δ’
911 4008 1095 4079 ὁπλίσσατο
1117 4005 1252 4097 δόρπον.

330 4117 416 4197 τρεῖς
438 4112 473 4177 δέ
496 4117 527 4179 οί
550 4108 647 4179 ἄλλοι
669 4117 772 4207 ίσαν,Ι
787 4117 844 4181 καί
867 4112 885 4181 ό
907 4117 968 4201 μὲν
989 4114 1194 4201 μνηστῆρσιν
1215 4108 1322 4197 ὁμίλει
