3259 4917
600 580 603 586 Ι
638 471 877 595 mmm
903 505 936 560 ιι

209 661 294 728 1201
317 657 346 726 δ’
366 664 405 726 ἐν
421 659 478 739 νηί
499 657 534 744 μ’
552 659 675 739 ἔδησαν
698 658 783 746 ὁμοῦ
800 655 915 748 χεῖράς
936 682 971 726 τε
992 649 1100 738 πόδας
1122 684 1157 728 τε

263 758 373 852 ὀρθόν
396 769 431 828 ὲν
452 763 619 852 ἱστοπέδῃ,
643 767 677 826 ἐκ
700 761 730 828 δ’
747 760 850 830 αὐτοῦ
870 761 998 851 πείρατ’
1017 761 1182 844 ἀνῆπτον·

194 875 246 928 180
262 865 359 932 αὐτοὶ
381 863 411 930 δ’
430 860 576 948 ἑζόμενοι
596 859 716 948 πολιὴν
738 862 805 931 ἀλα
826 861 950 932 τύπτον
972 870 1128 953 ἐρετμοῖς.

262 966 333 1034 ἀλλ’
355 963 409 1032 ότε
430 964 554 1032 τόσσον
575 965 706 1051 ἀπῆμεν
729 963 810 1040 ὅσον
831 992 865 1034 τε
887 973 1006 1053 γέγωνε
1028 964 1165 1051 βοήσας,

261 1074 371 1159 ῥίμφα
394 1064 576 1146 διώκοντες,
598 1063 659 1144 τάς
682 1067 709 1134 δ’
725 1068 765 1135 ού
785 1067 896 1136 λάθεν
918 1065 1063 1148 ὠκύαλος
1084 1072 1164 1151 νηῦς

262 1171 404 1258 ἐγγύθεν
426 1169 601 1256 ὀρνυμένη,
621 1167 758 1258 λιγορήν
780 1171 810 1238 δ’
831 1175 963 1258 ἔντυνον
986 1169 1114 1252 ἀοιδήν.
1147 1223 1151 1228 .

269 1309 283 1335 ο
291 1273 376 1362 δεῦρ’
395 1269 445 1359 ἄγ’
468 1269 540 1351 λῶν,
560 1269 711 1339 πολύαιν’
728 1273 877 1352 Ὀδυσεῦ,
892 1279 988 1359 μέγα
1007 1277 1107 1352 κῦδος
1125 1274 1271 1362 Ἀχαιῶν,

196 1391 246 1441 185
262 1380 328 1458 νῆα
349 1373 572 1456 κατάστησον,
597 1381 652 1442 ἵνα
668 1382 832 1466 νωιτέρην
855 1372 909 1442 ἀπ’
929 1374 1080 1468 ἀκούσῃς.

265 1478 304 1546 ού
323 1476 388 1566 γάρ
409 1476 460 1544 πά
481 1503 531 1556 τις
552 1481 627 1570 τῇδε
650 1477 822 1568 παρήλασε
843 1483 899 1560 νηὶ
919 1483 1057 1572 μελαίνῃ

262 1585 340 1670 πρίν
361 1581 391 1666 γ’
411 1581 519 1668 ἡμέων
531 1585 717 1670 ’μελίγηρυν
739 1579 806 1651 ἀπὸ
829 1579 1003 1669 στομάτων
1025 1579 1080 1648 ἀπ’·
1099 1580 1249 1664 ἀκούσαι,

263 1683 335 1751 ἀλλ’
357 1682 376 1750 ὅ
398 1703 434 1768 γε
455 1682 662 1777 τερψάμενος
682 1694 787 1752 νεῖται
807 1690 864 1752 καλ
885 1688 1022 1751 πλείονα
1045 1678 1147 1762 είδιύς..

264 1787 356 1873 ἰ’δμεν
377 1785 440 1874 γάρ
463 1812 515 1854 τοι
535 1785 643 1856 πάνθ’
664 1780 715 1855 ὅσ’
735 1784 784 1856 ἑνὶ
811 1793 912 1878 Τροίῃ
934 1785 1075 1880 εὐρείῃ..
1193 1853 1197 1865 ,

112 1879 115 1886 ’
195 1898 246 1949 190
262 1889 398 1973 Ἀργεῖοι
426 1893 533 1978 Τρῶές
554 1913 588 1956 τε
610 1888 830 1972 θεῶν’ίότητι
851 1889 1021 1977 μόγησαν·

262 1993 355 2079 ίδμεν
377 1991 406 2058 δ’
426 1989 512 2058 ὅσσα
533 1997 667 2077 γίνηται
688 1997 741 2060 ἐπὶ
760 1979 866 2079 χθονὶ
888 1995 1155 2085 πουλυβοτείρῃν

307 2091 351 2173 ὣς
373 2091 488 2183 φάσαν
509 2099 610 2160 ἱεῖσαι
632 2091 699 2162 όπα
721 2094 897 2189 κάλλιμον·
920 2091 1025 2184 αύτάρ
1049 2088 1130 2183 ἀμόν
1150 2098 1213 2185 κῆρ

262 2193 359 2280 ἤθελ’
379 2196 586 2282 ἀκουέμεναι,
608 2200 707 2264 λῦσαί
717 2197 757 2264 τ’
778 2201 924 2266 ἐκέλευον
945 2201 1096 2284 ἑταίρους
1123 2249 1129 2254 .

233 2364 236 2368 ,
264 2297 385 2392 ὀφρύσι
406 2296 603 2378 νευστάζων·
627 2305 658 2365 οἱ
681 2302 715 2366 δὲ
736 2298 957 2387 προπεσόντες
978 2303 1122 2386 ἔρεσσον.

192 2415 245 2469 195
263 2404 381 2486 αὐτίκα
404 2401 433 2467 δ’
452 2399 632 2484 ἀνστάντες
653 2400 847 2489 Περιμήδης
868 2397 1056 2489 Εὐρύλοχός
1081 2425 1115 2466 τε

261 2511 390 2574 πλείοσί
411 2503 446 2594 μ’
466 2511 502 2571 ἐν
524 2507 673 2592 δεσμοῖσι
695 2509 770 2600 δίον
792 2502 922 2591 μᾶλλόν
943 2495 977 2576 τε
998 2506 1121 2584 πίεζον,

262 2605 459 2698 αάτάρίπελ
481 2603 522 2690 δή
544 2605 604 2686 τάς
625 2633 661 2693 γε
682 2605 898 2697 παρήλασαν,
920 2606 990 2675 οὐδ’
1009 2607 1054 2674 ἔτ’
1074 2612 1183 2674 ἔπειτα

263 2713 421 2804 φθογγῆς
443 2708 800 2798 Σειρήνων-ἠκούομεν
823 2711 896 2778 ούδί
919 2709 947 2777 τ’
967 2709 1091 2794 ἀοιδῆς,

262 2813 337 2903 αἶψ’
356 2810 422 2880 ἀπό
444 2811 551 2902 κηρόν.
569 2819 682 2881 ἕλοντο
706 2813 780 2900 ἐμοὶ
802 2818 928 2902 ἐρίηρες
943 2821 1083 2904 ἑταῖροι,

190 2933 245 2985 200
265 2913 303 2983 όν
327 2940 406 3005 σφιν
428 2916 478 2984 ἐπ’
499 2916 578 2984 ὠσὶν
600 2913 719 3007 ἄλειψ’,
742 2917 797 3004 ἐμὲ
821 2916 850 2983 τ’
870 2925 905 2984 ἐκ
927 2920 1055 3002 δεσμῶν
1077 2915 1249 2983 ἀνέλυσαν.

260 2987 292 3082 ⁴.
307 3017 380 3085 ἀλλ’
401 3017 518 3100 ὅτε-δή
540 3014 602 3100 τήν
623 3023 727 3100 νῆσον
749 3022 932 3103 ἐλείπομεν,
954 3017 1056 3084 αὐτίκ’
1077 3022 1188 3084 ἔπειτα

262 3117 388 3189 καπνόν
409 3124 465 3188 καὶ
487 3126 572 3205 μέγα
593 3124 681 3207 κῦμα
704 3121 775 3187 ίδον
796 3124 853 3187 καὶ
876 3123 1000 3186 δοῦπον
1022 3115 1160 3186 ἀκονσα.

262 3229 327 3291 τῶν
350 3223 379 3291 δ’
399 3219 466 3310 ἀρα
489 3219 666 3291 δεισάντων
688 3229 723 3290 ἐκ
741 3226 861 3312 χειρῶν
882 3220 993 3288 ἔπτατ’
1014 3218 1142 3310 ἐρετμά,

261 3327 440 3413 βόμβησαν
463 3325 492 3394 δ’
512 3321 710 3415 ἀραπάντα
732 3321 818 3398 κατά
840 3323 938 3412 ῥόον·
960 3328 1071 3413 ἔσχετο
1094 3324 1124 3392 δ’
1140 3322 1244 3393 αὐτοῦ

188 3445 243 3498 205
261 3436 353 3512 νηῦς,
376 3433 444 3496 ἐπεὶ
466 3428 568 3496 οὐκέτ’
590 3426 709 3518 ἐρετμά
729 3425 876 3518 προήκεα
889 3433 1008 3519 ἢχερσὶν
1030 3433 1167 3513 ἔπειγον.

262 3529 367 3618 αὐτάρ
391 3527 452 3616 ὲγῶ
476 3529 531 3598 διὰ
552 3529 632 3612 νηὸς
654 3529 711 3600 ἰῶν
734 3529 878 3620 ὤτρυνον
899 3537 1051 3618 ἑταίρους

261 3636 430 3720 μειλιχίοις
452 3638 578 3724 ἐπέεσσι
599 3631 816 3716 παρασταδόν
839 3629 947 3717 ἀνδρα
968 3639 1121 3698 ἕκαστον,

269 3727 317 3803 «ὦ
339 3733 506 3826 φίλοι,οὐ
527 3731 591 3820 γάρ
613 3732 663 3799 ποί
685 3760 718 3800 τι
738 3736 847 3800 κακῶν
870 3731 1057 3818 ἀδαήμονές
1079 3739 1183 3820 ελμεν·

175 3891 178 3896 -
263 3839 302 3906 ού
322 3841 383 3926 μὲν
405 3829 445 3916 δή
469 3831 543 3902 τόδε
564 3837 677 3921 μεῖζον
698 3839 749 3903 ίπι
769 3832 872 3904 κακόν
893 3833 916 3917 ή
938 3834 992 3903 ὅτε
1014 3833 1164 3928 Κύκλωψ
1192 3858 1197 3866 ·

191 3959 244 4012 210
263 3941 340 4008 είλει
362 3943 409 4008 ἐνὶ
432 3942 513 4020 σπῆι
533 3941 692 4028 γλαφυρῷ
712 3942 896 4029 κρατερῆφι
916 3942 1052 4030 βίηφιν·

263 4040 349 4112 ἀλλά
370 4046 426 4116 καὶ
448 4043 548 4112 ἔνθεν
571 4041 631 4135 ἐμῆ
652 4041 751 4135 ἀρετή
772 4045 877 4136 βουλῇ
897 4068 933 4112 τε
954 4041 1020 4130 νόῳ
1042 4069 1077 4112 τε
1136 4115 1140 4120 ,
