3259 4917
549 565 556 581 =
611 539 850 595 ΟΔΥΣΣΕΙΑΣ
877 541 898 591 Δ

173 695 195 763 4
224 692 324 763 ὅσσοι
343 692 522 775 Ὀδυσσῆος
543 691 791 784 ταλασίφρονός
813 699 895 761 ελσιν
916 689 1054 759 ἀεθλοι·
1088 683 1100 707 ⁶

224 796 300 865 ἀλλ’
321 794 395 865 οἷον
415 793 486 863 τόδ’
506 796 591 886 ἔρεξε
613 801 669 865 καὶ
691 802 766 879 ἔτλη
789 793 946 885 καρτερὸς
967 793 1053 884 ἀνήρ

224 897 320 987 δήμῳ
342 904 389 969 ἀνι
417 897 551 989 Τρώων,
575 898 645 967 ὅθι·
658 898 798 987 πάσχετε
819 890 943 986 πήματ’
959 901 1095 987 Ἀχαιοί.

224 1001 329 1071 αὐτόν
353 1026 410 1089 μιν
430 1006 592 1093 πληγῇσιν
613 1000 788 1097 ἀεικελίῃσι
810 1001 996 1090 δαμάσσας,

153 1123 205 1175 245
225 1116 346 1193 σπεῖρα
367 1104 440 1173 κάκ’
462 1104 546 1197 ἀμφ’
567 1100 685 1191 ώμοισι
706 1104 834 1190 βαλών,
861 1110 948 1187 ολκῆι
969 1104 1081 1183 ἐοικώς
1168 1101 1171 1106 ’

224 1208 357 1299 ἀνδρῶν
379 1212 563 1295 δυσμενέων
584 1211 702 1275 κατέδυ
724 1206 821 1277 πόλιν
843 1207 1052 1295 εὐρυάγυιαν·
1107 1211 1111 1216 ’

224 1306 317 1397 ἀλλῳ
339 1311 368 1378 δ’
384 1308 487 1380 αὐτὸν
510 1314 595 1403 φωτὶ
616 1310 853 1401 κατακρύπτων
873 1308 993 1395 ήισκεν,

225 1417 335 1507 δέκτη,
358 1412 396 1493 ὃς
419 1414 513 1483 οὐδὲν
534 1424 625 1493 τοῖος
647 1418 704 1496 ἔην
726 1419 780 1483 ἐπὶ
801 1420 919 1497 νηυσὶν
940 1416 1098 1503 Ἀχαιώνι

225 1520 274 1602 τῷ
296 1518 400 1609 ἴκελος
420 1522 539 1586 κατέδυ
566 1516 686 1609 Τρώων
708 1517 821 1600 πόλιν,
845 1525 877 1586 οἱ
900 1519 929 1586 δ’
943 1517 1122 1606 ἀβάκησαν

155 1632 207 1685 250
226 1618 357 1699 πάντες.
386 1618 447 1707 ἐγώ
470 1625 505 1688 δέ
527 1646 585 1709 μιν
606 1620 829 1708 οῖῆάνέγνυν
850 1631 942 1690 τοῖον
964 1619 1072 1703 ἐόντα,

225 1714 283 1789 καί
304 1748 362 1810 μιν
384 1722 576 1815 ἀνηρώτων·
599 1724 617 1793 ὁ
641 1728 676 1793 δὲ
697 1724 1048 1819 κερδοσύνηάλέεινεν.
1097 1772 1104 1789 -.

226 1825 301 1893 ἀλλ’
321 1824 376 1894 ὅτε
399 1826 440 1909 δή
461 1851 519 1916 μιν
541 1824 602 1913 ἐγώ
625 1826 721 1896 λόεον
742 1833 798 1897 καὶ
818 1837 915 1917 χρῖον
938 1831 1046 1913 ὲλαάρ,
1130 1832 1147 1841 ’

226 1928 316 2021 ἀμφὶ
339 1932 375 1997 δὲ
397 1934 518 2017 εἵματα
539 1939 635 2013 ἕσσα,
658 1937 715 1999 καὶ
737 1928 856 2019 ώμοσα
876 1927 1036 2021 καρτερόν
1057 1926 1159 2018 ὅρκου

225 2029 273 2117 μή
293 2037 355 2120 μὲν
377 2038 455 2125 πρὶν
479 2034 624 2116 Ὀδυσῆα
645 2032 729 2122 μετὰ
757 2032 900 2125 Τρώεσσ’
920 2035 1103 2127 ἀναφῆναι,

156 2148 208 2201 255
228 2140 307 2225 πρίν
328 2162 365 2223 με
387 2133 447 2205 τὸν
467 2144 502 2217 ἐς
524 2136 608 2219 νῆάς
628 2164 663 2207 τε
685 2135 777 2218 θοάς
799 2142 927 2217 κλισίας
947 2137 978 2206 τ’
998 2138 1193 2229 ἀφικέσθαι,

225 2242 284 2305 καὶ
306 2237 381 2306 τότε
405 2237 446 2323 δή
469 2266 529 2327 μοι
548 2239 659 2309 πάντα
680 2241 760 2311 νόον
782 2242 951 2321 κατέλεξεν
969 2242 1116 2325 Ἀχαιῶν.

225 2338 369 2421 πολλοὺς
391 2345 426 2409 δὲ
447 2340 576 2431 ΧΤρώων
597 2348 725 2422 κτείνας
746 2342 905 2426 ταναήκεϊ
921 2344 1035 2428 χαλκῷ

225 2437 315 2527 ήλθε
336 2470 398 2535 μετ
403 2445 605 2533 ’Άρμεῖους,
627 2441 714 2513 κατά
727 2450 770 2515 δὲ
792 2442 913 2539 φρόνιν
934 2441 1038 2533 ήμαμε
1059 2442 1194 2527 πολλήν.

226 2547 302 2614 ἕνθ’
324 2544 423 2651 ἀλλαι
451 2551 562 2636 Τρωαι
584 2548 647 2635 λίγ’
666 2547 822 2619 ἐκώκυον·
845 2544 952 2641 αιἰτάρ
975 2546 1057 2637 ἐμόν
1077 2551 1139 2639 κῆρ
1242 2582 1246 2586 ·

156 2670 208 2721 200
224 2650 329 2739 χαῖρ’,
351 2657 420 2719 ἐπεὶ
441 2648 505 2733 ῆδη
528 2677 590 2739 μοι
607 2657 752 2742 κραδιη
748 2660 910 2741 τέτραπτο
932 2657 1111 2725 νέεσθαι’

228 2750 281 2841 ἀφ
304 2750 470 2837 οἶκόνδ’,’
454 2752 539 2837 α’τηυ
564 2758 598 2824 δὲ
619 2764 826 2843 μετέστενον,
851 2755 893 2841 ῆν
911 2759 1144 2848 Ἀφροδίτη

229 2854 356 2945 §623⁰
337 2884 391 2925 οτε
413 2858 447 2945 μ’
461 2856 570 2946 ήηαγε
592 2875 677 2928 κεῖσε
701 2861 842 2951 φίλης’
824 2858 892 2930 απά
914 2864 1076 2950 πατρίδος
1097 2860 1180 2943 αἴης,

228 2960 335 3027 παῖδά
357 2962 386 3029 τ’
405 2958 490 3049 ἐμήν
508 2970 780 3089 νοσφισσαμένην
802 2961 966 3087 θάλαμόν
987 2988 1022 3029 τε
1043 2959 1143 3030 πόσιν
1164 2988 1198 3029 τε

230 3060 271 3131 06
292 3090 347 3133 τευ
369 3063 559 3152 δευόμῃευον
582 3063 649 3134 οὔτ’
653 3064 711 3156 ἀρ
736 3072 861 3157 φρένας
883 3062 956 3133 οὔτε
977 3090 1010 3131 τι
1031 3064 1149 3141 εἶδος.»

87 3208 88 3301 ρ
156 3180 210 3231 205
275 3164 337 3249 τήν
361 3168 391 3235 δ’
406 3167 673 3256 ἀπαμειβόμενος
693 3175 847 3259 προσέφη
873 3163 1003 3249 ξανθὸς
1025 3170 1198 3244 Μενέλαος
1258 3184 1262 3192 “

87 3302 88 3321 ¹
237 3275 316 3339 «ναὶ
338 3268 379 3352 δή
401 3271 507 3343 ταῦτά
528 3297 567 3358 με
586 3269 711 3351 πάντα,
734 3268 847 3357 μόναι,
867 3266 960 3339 κατὰ
975 3279 1098 3360 μοῖραν
1119 3274 1228 3349 ἔειπες.

230 3370 295 3456 ήδη
317 3376 378 3461 μὲν
399 3380 525 3443 πολέων
548 3374 650 3458 εδόην
670 3373 797 3462 βουλον
818 3401 854 3442 τε
875 3373 958 3443 νόον
977 3400 1013 3442 τε
1089 3420 1096 3427 -
1118 3408 1122 3413 ⁴

231 3477 400 3565 ἀνδρῶν(
384 3475 513 3568 ηρώων,
532 3475 714 3566 πολλήνδ
732 3476 938 3561 ἐπελήλυθα
945 3490 1069 3570 γαῖαν·
1116 3489 1140 3540 .’

231 3579 304 3647 ἀλλ’
325 3577 364 3647 06
385 3605 436 3645 πω
458 3586 609 3650 τοιοῦτον
631 3579 713 3669 ἐγών
734 3583 806 3649 ἰ’δον
829 3582 1101 3693 ὀφθαλμοῖσιν

158 3698 212 3749 270
232 3682 305 3751 οἷον
324 3683 504 3767 ’Ὀδυσσῆος
525 3686 773 3809 ταλασίφρονος
796 3688 867 3751 ’έσκε
890 3668 991 3806 φίλον
1012 3688 1083 3768 κῆρ.

232 3784 305 3854 οἷον
327 3791 384 3854 καὶ
405 3784 474 3852 τόδ’
494 3786 580 3873 ἔρεξε
602 3790 658 3853 καὶ
680 3790 755 3865 ἔτλη
777 3781 934 3908 καρτερός
955 3782 1041 3872 ἀνήρ

233 3894 321 3974 ἵππῳ
344 3893 391 3957 ἔνι
413 3889 530 3971 ξεστῷ,
552 3886 594 3953 ἵν
615 3885 766 3973 ἐνήμεθα
788 3910 909 3965 παντες
932 3883 1061 3976 ἄριστοι

231 3994 383 4079 Ἀργείων
412 3986 556 4114 Τρώεσσι
580 3987 687 4079 φόνον
708 3994 764 4057 καὶ
786 3994 872 4084 κῆρα
895 3986 1059 4081 φέροντες.

233 4086 339 4175 ῆλδες
361 4098 471 4163 ἔπειτα
491 4090 535 4161 σύ
555 4102 656 4161 κεῖσε·
666 4097 961 4179 κελευσέμεναιὲ
926 4088 961 4163 δὲ
983 4119 1005 4162 σ
1009 4093 1165 4182 ’ἔμελλεν
