3259 4917
265 586 269 599 ,
347 502 402 561 εει
732 488 969 559 omnm
996 505 1022 557 T

291 658 333 727 19
350 655 444 745 ἔγχεά
465 656 496 735 τ’
516 654 687 738 ὀξυόεντα·
709 652 857 746 πάροιθε
880 660 915 725 δὲ
936 645 1080 736 Παλλάς
1100 655 1239 739 Ἀθήνη,

346 759 488 849 χρύσεον
508 757 627 847 λύχνον
648 763 783 848 ἔχουσα,
811 758 900 851 φάος
920 765 1109 845 περικαλλές
1130 766 1242 829 ἐποίει.

297 874 331 926 35
350 861 391 947 δή
413 862 487 931 τότε
516 866 706 952 Τηλέμαχος
727 859 956 954 προσεφώνεεν
977 859 1018 930 δν
1038 862 1153 951 πατέρ’
1171 860 1261 955 αἶψα

356 958 405 1033 «ὦ
425 963 544 1056 πάτερ,
565 958 589 1049 ή
610 973 694 1053 μέγα
717 968 840 1051 θαῦμα
861 962 931 1033 τόδ’
950 965 1185 1057 ὀφθαλμοῖσιν
1207 965 1347 1055 ὁρῶμαι.

350 1074 454 1157 ἐμπης
474 1094 533 1157 μοι
554 1080 659 1156 τοῖχοι
679 1066 833 1158 μεγάρων
857 1070 958 1135 καλαί
979 1092 1014 1135 τε
1035 1067 1199 1155 μεσόδμαι

350 1171 509 1241 εἰλάτιναί
529 1197 563 1239 τε
587 1174 679 1241 δοκοὶ
701 1176 757 1239 καὶ
779 1176 885 1249 κίονες
906 1167 1007 1259 διμόσ’
1027 1174 1155 1257 ἔχοντες

351 1274 503 1365 φαίνοντ’
523 1275 722 1366 ὀφθαλμοῖς
743 1273 787 1353 ὡς
809 1280 837 1341 εί
859 1270 962 1361 πυρός
983 1278 1191 1361 αίθομίνοιο.

297 1388 332 1440 40
350 1371 373 1461 ἦ
394 1376 486 1466 μάλα
507 1404 556 1457 τις
578 1374 662 1455 θεὸς
684 1380 792 1457 ἐνδον,
815 1379 849 1445 οἳ
870 1372 1015 1465 οὐρανόν
1038 1373 1134 1465 εόρόν
1155 1380 1316 1462 ἔχουσιν.»

394 1478 454 1549 τὸν
476 1480 505 1547 δ’
522 1479 787 1567 ἀπαμειβόμενος
808 1486 961 1569 προσέφη
983 1477 1163 1565 πολύμητις
1182 1478 1356 1557 Ὀδυσσεύς

357 1590 457 1668 «σίγα
478 1586 534 1650 καί
556 1578 642 1649 κατά
664 1579 725 1651 σδν
746 1579 827 1649 νόον
848 1580 978 1668 ίσχανε,
999 1582 1077 1669 μηδ’
1099 1580 1231 1672 ἐρέεινε

352 1684 435 1766 αὕτη
458 1710 509 1753 τοι
531 1688 604 1767 δίκη
627 1689 696 1753 ἐστὶ
719 1687 826 1765 θεῶν,
848 1687 882 1752 οἳ
905 1681 1072 1772 Ὄλυμπον
1093 1688 1230 1771 έχουσιν.

351 1785 437 1855 άλλά
459 1784 502 1857 οδ
521 1792 582 1875 μὲν
602 1786 793 1871 κατάλεξαι,
815 1784 877 1875 ἐμοί
900 1786 932 1854 δ’
950 1788 1174 1877 ὑπολείψομαι
1197 1787 1308 1869 αὐτοῦ,

298 1897 332 1949 45
352 1886 443 1984 όφρα
465 1890 494 1958 κ’
514 1894 562 1958 ἐτι
583 1888 695 1979 δμωὰς
715 1894 771 1959 καὶ
793 1896 921 1979 μητέρα
942 1888 1006 1973 σήν
1027 1892 1183 1981 ἐρεθίζω·

350 1994 372 2077 ἡ
395 1997 430 2061 δέ
451 1992 487 2081 μ’
507 1993 688 2085 ὀδυρομένη
711 1992 876 2082 είρήσεται
901 1994 1008 2086 άμφὶς
1028 2002 1183 2063 ἕκαστα.»
1290 1998 1322 2019 ”

396 2094 439 2175 ὣς
461 2093 565 2187 φάτο,
592 2100 783 2184 Τηλέμαχος
806 2099 841 2163 δέ
863 2099 929 2165 διέκ
950 2095 1109 2188 μεγάροιο
1130 2095 1263 2182 βεβήκει

350 2204 446 2268 κείων
467 2200 500 2279 ἐς
522 2198 698 2287 θάλαμον,
721 2202 844 2270 δαίδων
864 2196 930 2267 ὕπο
948 2198 1204 2288 «λαμπομενάων,

351 2307 440 2371 ἐνθα
461 2301 568 2393 πάρος
589 2303 737 2389 κοιμᾶθ’,
760 2302 815 2372 ὅτε
836 2328 895 2393 μιν
916 2301 1033 2389 γλυκὺς
1053 2302 1155 2382 ὕπνος
1175 2301 1299 2371 ίιιάνοι·

299 2416 334 2469 50
352 2406 427 2475 ἐνθ’
446 2403 514 2497 άρα
535 2412 591 2475 καὶ
612 2406 682 2475 τότ’
702 2412 810 2476 ἐλεκτο
832 2412 889 2476 καί
910 2406 960 2489 ήιῖ
981 2410 1058 2473 δῖαν
1079 2410 1221 2494 ἔμιμνεν.

352 2506 457 2599 αότάρ
481 2509 500 2576 ὁ
523 2518 559 2577 ἐν
579 2509 712 2599 μεγάρῳ
734 2510 931 2581 ὑπελείπετο
945 2514 1018 2588 δῖος
1039 2506 1219 2589 Ὀδυσσεύς,

350 2610 573 2698 μνηστήρεσσι
595 2611 703 2706 φόνον
725 2609 785 2684 σὺν
805 2614 933 2707 Ἀθήνη
954 2614 1169 2709 μερμηρίζων.

395 2714 417 2795 ή
441 2713 469 2779 δ’
489 2715 536 2782 ίεν
558 2721 593 2781 ἐκ
610 2711 790 2801 θαλάμοιο
811 2720 981 2808 περίφρων
1003 2713 1223 2799 Πηνελόπεια,

350 2818 511 2906 Ἀρτέμιδι
532 2820 619 2899 λκέλη
642 2816 679 2898 ήέ
698 2823 817 2911 χρυσέη
837 2820 1023 2912 Ἀφροδίτη.

301 2933 335 2984 55
353 2926 392 3015 τῇ
413 2915 506 3007 παρά
527 2924 587 3007 μέν
608 2924 738 3003 κλισίην
758 2926 838 3011 πυρὶ
859 2920 1046 3003 κάτθεσαν,
1069 2920 1144 2990 ἐνθ’
1163 2919 1218 3013 ἄρ’
1237 2924 1356 3013 ἐφῖζεν,

353 3021 493 3106 δινωτὴν
514 3026 669 3116 ἐλέφαντι
690 3029 745 3093 καί
768 3023 914 3115 άργόρῳ·
937 3023 980 3108 ήν
1000 3050 1081 3094 ποτε
1102 3031 1222 3093 τέκτων

351 3124 463 3210 ποίησ’
478 3127 658 3214 Ἰκμάλιος,
680 3132 736 3196 καὶ
757 3126 823 3197 ὀπό
846 3134 978 3219 θρῆνυν
998 3133 1100 3197 ποσὶν
1120 3121 1198 3210 ἧκεν
1312 3182 1317 3189 .

352 3230 511 3319 προσφυέ’
532 3230 566 3310 ἐξ
588 3232 703 3313 αὐτῆς,
726 3229 788 3298 ὅθ’
807 3237 859 3300 ἐπὶ
881 3232 967 3319 μέγα
987 3230 1129 3316 βάλλετο
1151 3235 1248 3309 κῶας.

353 3336 441 3399 ένθα
463 3331 615 3411 καθέζετ’
634 3338 744 3401 ἔπειτα
765 3341 934 3428 περίφρων
956 3333 1178 3416 Πηνελόπεια.

301 3440 335 3491 60
352 3428 465 3518 ήλθον
487 3438 521 3503 δέ
543 3438 650 3522 δμωαὶ
672 3430 860 3504 λευκώλενοι
881 3445 916 3505 ἐκ
937 3437 1106 3527 μεγάροιο.

353 3545 390 3607 αί
412 3538 442 3607 δ’
461 3535 527 3607 άπό
549 3543 610 3625 μὲν
632 3550 724 3606 σῖτον
746 3536 851 3607 πολὺν
872 3539 969 3629 ήρεον
991 3541 1049 3623 ήδέ
1070 3539 1234 3627 τραπέζας

352 3646 408 3710 καὶ
431 3641 528 3723 δέπα,
551 3648 651 3717 ἐνθεν
674 3638 728 3731 ἄρ’
747 3639 864 3733 ἄνδρες
884 3642 1135 3732 ὑπερμενέοντες
1156 3647 1283 3711 ἔπινον·

353 3751 417 3835 πῦρ
440 3747 470 3813 δ’
486 3742 553 3813 άπό
576 3745 776 3835 λαμπτήρων
787 3747 933 3835 χαμάδις
945 3747 1061 3835 βάλον,
1083 3746 1170 3817 άλλα
1187 3747 1217 3815 δ’
1233 3747 1283 3814 ἐπ’
1298 3747 1407 3817 αὐτῶν

352 3846 482 3930 νήησαν
504 3847 586 3930 ξύλα
607 3849 730 3930 πολλά,
754 3850 845 3939 φόως
867 3856 943 3938 έμεν
963 3852 1021 3933 ήδέ
1043 3851 1225 3939 θέρεσθαι.

301 3957 335 4008 65
353 3950 375 4033 ἡ
398 3949 428 4018 δ’
451 3950 582 4033 Ὀδυσῆ’
601 3952 724 4021 ἐνένιπε
748 3952 923 4021 Μελανθὼ
945 3953 1097 4040 δεύτερον
1118 3949 1219 4033 αὖτις.

360 4056 467 4139 «ξεῖν’,
488 4060 535 4125 ἐτι
557 4060 612 4125 καὶ
632 4060 693 4137 νῦν
716 4054 837 4125 ἐνθάδ’
855 4056 999 4141 άνιήσεις
1020 4055 1076 4126 διδ
1098 4057 1200 4128 νόκτα
