3259 4917
623 586 862 643 ΟΔΥΣΣΕΙΔΣ
889 591 916 641 Π
1241 590 1294 645 2⁴7

167 746 219 811 16
238 740 321 811 άλλο
345 745 380 811 δέ
403 768 455 809 τοι
476 746 568 833 ἐρέω,
591 737 636 811 σεί.
657 740 688 835 δ’
706 746 758 827 ένλ
778 746 877 835 φρεσὶ
897 739 1022 827 βάλλεο
1044 744 1146 834 σῇσιν.

155 860 219 913 300
241 855 269 915 ελ
291 834 386 915 ἐτεόν
404 843 438 929 γι
455 842 535 930 ἐμός
556 852 626 913 έσσι
648 850 705 915 καὶ
726 851 869 933 αἵματος
888 844 1071 933 ἡμετέροιο,

239 947 287 1037 μή
310 972 359 1026 τις
381 947 477 1015 ἔπειτ’
494 946 652 1031 Ὀδυσῆος
674 948 846 1018 ἀκουσάτω
868 952 965 1017 ένδον
989 945 1112 1025 ἐόντος.

238 1049 316 1138 μήτ’
337 1043 398 1119 οὖν
419 1051 675 1141 Λαέρτηςίστω
696 1050 736 1120 τό
758 1077 794 1137 γε
815 1050 899 1138 μήτε
922 1048 1071 1136 συβώτης
1116 1096 1120 1103 -

239 1151 323 1240 μήτε
344 1179 394 1232 τις
416 1151 535 1234 οἰκήων
556 1152 633 1240 μήτ’
652 1150 735 1235 αὐτὴ
758 1152 980 1234 Πηνελόπεια,

242 1256 315 1323 ἀλλ’
336 1256 400 1325 οἶοι
422 1252 463 1323 σό
484 1256 514 1322 τ’
533 1253 595 1342 έγώ
617 1282 660 1325 τε,
674 1259 836 1341 γυναικῶν
857 1253 1004 1345 γνώομεν
1025 1253 1116 1323 λθόν.

160 1370 222 1423 305
240 1352 299 1425 καί
318 1363 353 1426 κε’
376 1364 429 1425 ’τεο
453 1357 569 1445 δμώων
591 1359 721 1449 ἀνδρῶν
742 1363 789 1425 έτι
810 1361 1034 1443 πειρηθεῖμεν,
1190 1347 1195 1351 ’

240 1460 324 1553 ἠμὲν
345 1458 430 1529 ὅπου
451 1486 500 1539 τις
519 1466 579 1529 νώι
600 1466 661 1529 τίει
682 1466 738 1529 καί
764 1464 861 1529 δείδιε
883 1463 994 1545 θυμῷ,

241 1563 293 1646 ἠδ
315 1561 334 1631 ὅ
357 1589 406 1641 τις
427 1562 486 1631 οὐκ
508 1563 629 1650 ἀλέγει,
652 1569 687 1633 σέ
710 1564 741 1633 δ’
757 1564 862 1654 ἀτιμᾷ
882 1577 975 1631 τοῖον
997 1560 1127 1630 ἐόντα.»

285 1662 346 1736 τόν
368 1664 398 1732 δ’
414 1664 678 1753 ἀπαμειβόμενος
699 1666 907 1760 προσεφώνεε
930 1669 1090 1759 φαίδιμος
1110 1665 1181 1744 υἱός

248 1761 297 1835 «ὦ
318 1766 437 1857 πάτερ,
458 1765 533 1850 ἤτοι
554 1766 635 1857 έμόν
658 1769 771 1858 θυμόν
792 1776 850 1852 καὶ
871 1768 981 1839 έπειτά
1002 1771 1042 1855 γ’,
1063 1769 1133 1849 ὀίω,

165 1880 223 1932 31⁰
241 1869 396 1959 γνώσεαι·
419 1870 459 1939 οὐ
478 1876 539 1959 μὲν
560 1872 624 1960 γάρ
646 1900 678 1949 τι
696 1871 948 1966 χαλιφροσύναι·
963 1879 1000 1957 γέ
1021 1871 1056 1957 μ’
1077 1876 1219 1959 ἔχουσιν·

241 1973 315 2043 ἀλλ’
335 1970 374 2043 οίί
395 1995 451 2043 τοι
469 1973 543 2043 τόδε
565 1979 680 2065 κέρδος
701 1973 783 2063 ἐγών
804 1980 968 2045 έσσεσθαι
990 1974 1050 2043 ὀίω

241 2077 321 2164 ἡμῖν
343 2076 576 2169 ἀμφοτέροισι·
603 2083 640 2147 σέ
660 2082 696 2147 δὲ
718 2078 911 2171 φράζεσθαι
932 2074 1056 2162 άνωγα.

242 2175 337 2261 δηθά
359 2176 423 2268 γάρ
444 2178 558 2261 αὔτως,
574 2178 642 2273 ε’ίσῃ
664 2181 803 2251 ἑκάστου
825 2183 1028 2271 πειρητίζων,

242 2287 321 2371 ἔργα
342 2281 592 2370 μετερχόμενος·
614 2287 667 2351 τοὶ
690 2284 720 2351 δ’
737 2282 986 2369 ένιμεγάροισιν
1008 2285 1117 2362 ἐ’κηλοι

170 2399 224 2452 315
239 2384 395 2472 χρήματα
416 2380 662 2472 δαρδάπτουσιν
682 2384 854 2474 ὑπέρβιον,
876 2385 951 2453 οὐδ’·
967 2389 1022 2453 έπι
1039 2381 1152 2477 φειδώ.
1238 2424 1242 2430 »

242 2488 314 2555 ἀλλ’
334 2484 410 2573 ἤτοι
431 2508 468 2554 σε
488 2498 646 2572 γυναῖκας
667 2485 729 2573 ἐγώ
752 2485 945 2558 δεδάασθαι
964 2483 1088 2573 ἀνωγα,

242 2596 282 2657 αἴ
300 2597 334 2658 τέ
358 2588 390 2657 σ’
409 2588 603 2678 ἀτιμάζουσι
624 2596 681 2659 καὶ
703 2594 739 2659 αἳ
761 2595 917 2673 νηλειτεῐς
938 2595 1035 2660 εὶσίν·

242 2692 372 2781 ἀνδρῶν
394 2692 424 2761 δ’
444 2693 505 2763 οὐκ
526 2690 568 2763 ἀν
590 2698 692 2781 ἔγωγε
709 2691 795 2763 κατά
817 2691 993 2793 σταθμοδς
1013 2698 1166 2779 ἐθέλοιμι
1257 2706 1260 2712 “

242 2794 345 2880 ἡμέας
365 2794 540 2885 πειράζειν,
562 2797 635 2864 ἀλλ’
654 2796 774 2887 ὕστερα
796 2802 901 2866 ταῦτα
923 2801 1097 2877 πένεσθαι,
1249 2788 1252 2797 ’

173 2905 270 2965 ειν-ελ
292 2896 381 2965 έτεόν
403 2904 438 2983 γε’
461 2925 493 2965 τι
515 2897 622 2969 οἶσθα
643 2900 719 2979 Διὸς
740 2909 837 2986 τέρας
859 2899 1051 2987 αἰγιόχοιο.»

286 2996 329 3078 ώς
351 3007 383 3067 οἱ
404 3005 465 3087 μὲν
485 3005 624 3069 τοιαῦτα
644 3001 728 3090 πρὸς
749 2998 911 3084 ἀλλήλους
932 3001 1100 3090 ἀγόρευον,

241 3104 263 3187 ἡ
286 3103 315 3170 δ’
332 3099 385 3192 ἀρ’
405 3103 501 3171 ἔπειτ’
518 3102 694 3185 Ἰθάκηνδε
717 3104 877 3189 κατήγετο
898 3109 978 3185 νηῦς
1004 3099 1145 3188 είιεργής,
1178 3159 1181 3166 ,

240 3204 263 3287 ἢ
287 3212 365 3296 φέρε
394 3208 587 3291 Τηλέμαχον
610 3204 771 3275 Πυλόθεν
793 3211 849 3273 καί
871 3205 1178 3292 πάντας-εταίρους.
1267 3256 1272 3265 .

241 3315 274 3377 οἱ
297 3310 325 3376 δ’
346 3306 400 3375 ὅτε
423 3304 464 3388 δὴ
486 3304 865 3403 λιμένοςπολνβενθέος
885 3306 977 3387 ένεός
999 3315 1120 3387 ἵκοντο,

174 3426 224 3477 325
242 3416 307 3493 νῆα
328 3417 388 3497 μὲν
410 3416 446 3479 οἴ
464 3437 501 3497 γε
522 3417 683 3499 μέλαιναν
703 3412 752 3481 ἐπ’
772 3413 921 3503 ἠπείροιο
943 3418 1094 3499 ἔρυσσαν,

207 3544 209 3552 ’
242 3512 355 3599 τεύχεα
377 3518 412 3581 δέ
434 3514 492 3605 σφ’
512 3516 684 3583 ἀπένεικαν
705 3517 894 3605 ὑπέρθυμοι
914 3515 1129 3603 θεράποντες,

243 3614 360 3681 αὐτίκα
383 3615 412 3681 δ’
431 3624 465 3693 ές
485 3620 643 3685 Κλυδίοιο
668 3626 770 3708 φέρον
792 3623 987 3704 περικαλλέα
1009 3620 1108 3702 δῶρα.

243 3712 350 3805 αὐτάρ
371 3714 494 3803 κήρυκα
515 3715 661 3805 πρόεσαν
684 3716 788 3803 δόμον
810 3727 855 3796 εἰς
873 3719 1039 3799 Ὀδυσῆος,
1089 3743 1094 3792 ;
1164 3752 1173 3785 ·.
1219 3760 1222 3763 ·

278 3982 329 4033 296
349 3982 491 4051 καλλιπέειν
510 3982 553 4031 καὶ
572 3979 631 4031 δοιίι
649 3977 759 4050 βοάγρια
776 3986 863 4051 χερσὶν
882 3972 994 4040 ι’λέωθαι,

349 4066 382 4125 ὡς
400 4064 431 4117 ίίν
448 4062 620 4122 ίὶτιθίισωιϊες
639 4066 778 4134 λλοίμεθιι·
797 4066 860 4124 τοὺς
877 4068 909 4118 δι’
924 4062 949 4116 κ’
963 4072 1051 4119 ἔπειτα
1074 4073 1076 4080 “

350 4152 455 4209 Ιίαλλίις
470 4152 598 4218 Ἀθηναίη
615 4155 700 4209 θέλξει
722 4156 764 4202 καί
781 4156 893 4220 μιμίεττι
910 4153 989 4203 Ζεόε..
