3259 4917
370 534 424 589 338
754 528 989 583 ΟΔΥΣΣΕΙΛΣ
1017 526 1048 578 X

315 689 359 754 22
375 690 531 771 ἐλθέμεν,
554 690 593 748 αἴ
612 707 672 769 περ
694 680 848 765 πρόσθεν
871 681 979 746 ἀεικέα
1002 676 1251 764 μηχανόωντο.»

385 778 389 797 ’
419 784 463 865 ώς
485 782 538 874 ἀρ’
558 789 638 876 ἐφη,
660 780 759 873 γρηύς
781 787 816 850 δέ
839 785 905 850 διέκ
927 780 1086 869 μεγάροιο
1109 780 1242 866 βεβήκει

377 891 578 977 ἀγγελέουσα
599 887 726 971 γυναιξὶ
748 891 804 952 καὶ
828 885 1026 974 ὀτρυνέουσα
1050 889 1196 952 νέεσθαι.

306 1011 359 1062 435
377 989 483 1079 αύτάρ
506 991 524 1057 ὁ
554 993 747 1075 Τηλέμαχον
768 994 824 1057 καὶ
846 986 1009 1074 βουκόλον
1032 986 1088 1067 ήδέ
1112 984 1262 1070 συβώτην

378 1103 423 1173 είς
444 1097 459 1163 έ
481 1089 724 1178 καλεσσάμενος
746 1096 824 1158 έπεα
846 1089 1025 1178 πτερόεντα
1047 1087 1227 1176 προσηύδα.

385 1193 520 1284 ιάρχετε
542 1198 602 1263 νῦν
624 1201 740 1273 νέκυας
761 1201 910 1285 φορέειν,
930 1197 984 1259 καὶ
1008 1191 1141 1278 ἀνωχθε
1163 1199 1342 1276 γυναῖκας·

379 1294 485 1384 αύτάρ
508 1301 618 1363 έπειτα
639 1296 787 1384 θρόνους
809 1299 1021 1384 περικαλλέας
1043 1294 1099 1375 ήδέ
1122 1295 1284 1377 τραπέζας

378 1400 475 1470 ὕδατι
496 1405 551 1466 καὶ
575 1399 748 1485 σπόγγοισι
768 1397 1001 1486 πολυτρήτοισι
1021 1402 1208 1486 καθαίρειν.

308 1519 362 1570 440
380 1500 486 1590 αύτάρ
509 1498 590 1582 ἐπήν
612 1499 653 1583 δή
676 1500 786 1570 πάντα
808 1499 915 1586 δόμον
936 1497 1250 1587 κατακοσμήσησθε,

379 1603 490 1692 δμωάς
512 1603 727 1690 ἐξαγαγόντες
749 1607 931 1680 ἐυσταθέος
953 1602 1120 1690 μεγάροιο,

379 1705 543 1794 μεσσηγύς
565 1731 598 1772 τε
623 1705 731 1774 θόλου
753 1712 809 1775 καὶ
832 1706 1003 1792 ἀμύμονος
1025 1715 1132 1792 έρκεος
1153 1703 1264 1786 αύλής,

379 1815 571 1895 θεινέμεναι
592 1809 720 1900 ξίφεσιν
741 1807 951 1890 τανυήκεσιν,
974 1817 1018 1885 είς
1041 1806 1059 1876 ό
1082 1835 1116 1875 κε
1137 1815 1270 1876 πασέων

379 1908 489 2003 ψυχάς
510 1912 735 2002 ἐξαφέλησθε,
757 1917 811 1979 καὶ
836 1910 1060 1978 ἐκλελάθωντ’
1078 1913 1282 2002 Ἀφροδίτης,

310 2023 363 2075 445
382 2010 442 2093 τήν
463 2010 517 2099 ἀρ’
537 2010 601 2078 ύπό
622 2019 828 2101 μνηστῆρσιν
850 2017 939 2100 ἐχον,
961 2010 1120 2100 μίσγοντό
1142 2038 1175 2079 τε
1198 2009 1345 2102 λάθρῃ.»

425 2111 468 2193 ώς
489 2114 608 2204 έφαθ’,
623 2121 662 2181 αέ
682 2119 716 2182 δέ
738 2129 887 2199 γυναῖκες
909 2116 1041 2193 ἀολλέες
1063 2108 1175 2197 ἦλθον
1197 2113 1336 2192 ἀπασαι,

382 2217 446 2284 αἴν’
466 2213 724 2308 ὀλοφυρόμεναι,
747 2216 897 2308 θαλερόν
919 2214 1003 2284 κατά
1026 2216 1128 2306 δάκρυ
1148 2223 1292 2304 χέουσαι.

309 2337 320 2350 ·
381 2323 495 2408 πρώτα
517 2325 578 2406 μέν
600 2313 660 2388 ούν
681 2327 798 2419 νέκυας
820 2320 944 2412 φόρεον
965 2323 1252 2401 κατατεθνηῶτας,

381 2418 446 2489 κάδ
465 2422 496 2488 δ’
512 2418 566 2510 ἀρ’
584 2422 638 2489 ἀπ’
658 2421 805 2512 αἰθούσῃ
828 2429 970 2492 τίθεσαν
993 2423 1136 2509 εὐερκέος
1160 2420 1270 2502 αὐλῆς,

312 2538 363 2590 450
382 2523 573 2604 ἀλλήλοισιν
593 2529 786 2611 ἐρείδουσαι.
816 2525 954 2611 σήμαινε
977 2524 1007 2592 δ’
1030 2522 1202 2602 Ὀδυσσεύς

383 2622 481 2702 αὐτὸς
502 2630 716 2712 ἐπισπέρχων·
738 2631 795 2694 ταὶ
818 2627 847 2695 δ’
863 2625 1021 2718 ἐκφόρεον
1043 2631 1098 2694 καὶ
1120 2624 1254 2718 ἀνάγκη.

382 2722 487 2813 αὐτάρ
510 2730 619 2792 ἔπειτα
641 2727 789 2814 θρόνους
809 2734 1021 2816 περικαλλέας
1044 2731 1100 2810 ήδέ
1123 2732 1283 2818 τραπέζας

382 2827 477 2896 ὕδατι
498 2833 553 2895 καὶ
575 2828 749 2916 σπόγγοισι
771 2828 1002 2917 πολυτρήτοισι
1023 2831 1202 2918 κάθαιρον.

382 2927 487 3015 αύτάρ
516 2935 707 3020 Τηλέμαχος
727 2938 784 3004 καὶ
805 2933 967 3018 βουκόλος
990 2934 1046 3015 ήδέ
1070 2925 1217 3020 συβώτης

311 3047 364 3098 455
383 3039 562 3123 λίστροισιν
583 3034 727 3104 δάπεδον
748 3034 835 3103 πύκα
857 3047 1007 3117 ποιητοῖο
1032 3037 1147 3123 δόμοιο
1322 3117 1325 3122 .

383 3137 476 3215 ξῦον·
500 3141 555 3202 ταὶ
577 3137 606 3203 δ’
626 3137 765 3229 ἐφόρεον
788 3143 909 3227 δμωαί,
932 3143 1075 3206 τίθεσαν
1099 3142 1132 3204 δέ
1154 3136 1289 3226 θύραζε.

383 3233 488 3323 αύτάρ
512 3242 580 3302 ἐπεὶ
603 3241 643 3320 δή
665 3238 733 3306 πᾶν
754 3248 900 3330 μέγαρον
923 3239 1191 3326 διεκοσμήσαντο,

383 3332 495 3423 δμωάς
517 3337 546 3402 δ’
566 3339 780 3424 ἐξαγαγόντες
802 3346 984 3420 ἐυσταθέος
1005 3341 1172 3430 μεγάροιο,

382 3437 546 3525 μεσσηγύς
568 3466 601 3507 τε
625 3439 734 3508 θόλου
755 3449 810 3510 καὶ
834 3431 1014 3529 ἀμύμονος
1026 3453 1133 3532 έριιεος
1156 3443 1266 3524 αὐλῆς,

313 3551 365 3603 460
384 3543 486 3609 είλεον
509 3551 543 3608 ἐν
567 3549 697 3625 στείνει,
721 3542 806 3612 ὅθεν
829 3543 869 3613 ού
890 3572 958 3624 πως
980 3540 1038 3627 ήεν
1060 3543 1186 3624 ἀλύξαι.

383 3657 469 3710 τοῖσι
491 3648 524 3711 δέ
553 3649 743 3732 Τηλέμαχος
764 3655 969 3732 πεπνυμένος
987 3641 1059 3736 ἦρχ’
1079 3645 1256 3734 ἀγορεύειν.

390 3741 457 3828 «μή
478 3750 537 3829 μὲν
560 3745 600 3827 δή
622 3752 767 3833 καθαρῷ
789 3748 930 3833 θανάτῳ
953 3747 1020 3817 ἀπὸ
1042 3747 1157 3837 θυμόν
1178 3755 1313 3834 ἐλοίμην

383 3844 484 3923 τάων,
508 3850 544 3912 αἳ
569 3845 609 3929 δή
632 3849 694 3942 ἐμῇ
713 3855 839 3941 κεφαλῇ
861 3851 932 3916 κατ’
952 3851 1078 3918 ὀνείδεα
1098 3857 1201 3938 χεῦαν

382 3951 495 4032 μητέρι
520 3949 559 4013 θ’
579 3951 731 4044 ἡμετέρῃ,
753 3951 845 4038 παρά
868 3978 901 4019 τε
924 3959 1128 4042 μνηστῆρσιν
1149 3955 1276 4022 ίαοον.»
1322 3995 1326 4000 -

312 4055 364 4109 465
427 4045 470 4125 ὣς
491 4045 545 4140 ἀρ’
564 4056 643 4141 ἔφη,
666 4059 722 4121 καὶ
743 4065 866 4140 πεῖσμα
890 4052 961 4134 νεός
987 4053 1232 4145 κυανοπρώροιο
