3259 4917
317 451 372 566 ³5⁸8
701 505 941 565 ΟΔΥΣΣΕΙΑΣ
970 510 994 562 Ω

260 664 304 732 24
318 662 422 754 γήραϊ
441 660 646 751 τειρόμενον,
667 653 762 752 μέγα»
776 666 811 730 δέ
834 667 934 754 φρεσὶ
955 665 1085 740 πένθος
1106 665 1233 749 ἔχοντα,

322 765 404 847 στάς
425 762 477 854 ἀρ’
496 763 560 838 ύπό
582 763 747 858 βλωθρὴν
768 763 891 854 ὄγχνην
917 762 1004 834 κατά
1027 763 1170 852 δίκρουν
1193 764 1289 852 εἶβεν.

250 887 302 940 235
320 868 550 960 μερμήριξενδ
574 872 686 938 ἔπειτα
706 866 791 938 κατὰ
814 875 922 960 φρένα
944 873 1000 940 καὶ
1023 865 1108 938 κατά
1130 869 1245 957 θνμόν

320 972 440 1042 κύσσαι
460 978 517 1049 καὶ
538 979 715 1066 περιφῦναι
736 970 793 1042 έδν
814 973 942 1061 πατέρ’,
964 971 1022 1054 ι’χδέ
1045 979 1166 1040 ἕκαστα

321 1086 421 1146 εἰπεῖν
427 1129 436 1159 ,
458 1078 501 1155 ὡς
522 1081 621 1148 έλθοι
642 1083 707 1146 καὶ·
720 1075 814 1146 ἵκοιτ’
835 1084 868 1156 ἐς
889 1078 1034 1162 πατρίδα
1057 1088 1166 1162 γαῖαν,

319 1174 343 1264 ἦ
365 1181 464 1271 πρῶτ’
485 1181 643 1273 ἐξερέοιτο
667 1179 789 1250 έκαστά
811 1207 846 1248 τε
867 1177 1070 1268 πειρήσαιτο.

321 1277 384 1351 ὧδε
406 1287 441 1352 δέ
463 1290 496 1354 οἱ
518 1284 885 1378 φρονέοντεδοοίσσατο
912 1283 1039 1374 κέρδιον
1061 1278 1153 1364 εἶναι,
1217 1325 1220 1334 .

250 1398 304 1455 2⁴0
321 1393 453 1475 πρῶτον
474 1394 658 1477 κερτομίοις
678 1396 826 1457 ἐπέεσσιν
848 1391 1061 1477 πειρηθῆναι.

322 1488 537 1584 τάφρονίων
558 1489 638 1572 ίθύς
659 1496 728 1572 κίεν
749 1492 853 1577 αὐτοῦ
874 1494 946 1568 δῖος
965 1486 1147 1570 Ὀδυσσεύς.

320 1590 396 1675 ἤτοι
418 1595 437 1661 ὁ
459 1599 519 1682 μέν
540 1603 685 1683 κατέχων
706 1591 855 1685 κεφαλὴν
878 1590 984 1686 φυτὸν
1006 1591 1265 1684 ἀμφελάχαινεν·
1346 1649 1350 1654 .

321 1692 381 1764 τὸν
404 1700 438 1764 δέ
459 1697 705 1785 παριστάμενος
724 1695 932 1790 προσεφώνεε
956 1699 1115 1788 φαίδιμος
1137 1694 1233 1773 οίός.

329 1793 377 1866 «ὦ
397 1807 509 1891 γέρον,
533 1801 592 1868 οὐκ
613 1800 802 1887 ἀδαημονίη
824 1801 856 1868 α’
878 1803 940 1886 έχει
962 1797 1198 1891 ἀμφιπολεύειν

251 1919 303 1971 245
323 1900 480 1992 ὄρχατον,
502 1901 575 1971 ἀλλ’
595 1897 632 1972 εὖ
652 1931 705 1974 τοι
725 1900 853 1993 κομιδὴ.
866 1909 943 1991 ἔχει,
967 1902 1042 1972 οὐδέ
1065 1929 1098 1970 τι
1117 1901 1265 1990 πάμπαν,
1325 1943 1331 1946 -

323 2006 362 2074 οὐ
384 2006 503 2099 φυτόν,
526 2007 565 2076 ού
587 2013 670 2089 συκῆ
677 2059 684 2086 ,
708 2007 767 2074 οὐκ
788 2005 953 2094 ἄμπελος,
980 2007 1020 2076 οὐ
1040 2011 1101 2093 μέν
1123 2010 1225 2088 ἐλαίη,
1342 2006 1350 2013 ’

323 2110 381 2176 οιίκ
403 2107 519 2197 ὄγχνη,
543 2111 582 2178 οὐ
604 2108 804 2201 πρασιήτοι
827 2106 906 2178 ἄνευ
927 2112 1064 2196 κομιδῆς
1085 2106 1172 2176 κατά
1193 2114 1307 2192 κῆπον.

322 2208 405 2281 ἀλλο
428 2217 463 2281 δέ
486 2240 535 2281 τοι
558 2219 652 2303 ἐρέω,
673 2212 716 2283 σύ
736 2217 771 2281 δέ
793 2211 841 2302 μὴ
859 2211 962 2300 χόλον
985 2217 1084 2282 ένθεο
1106 2217 1223 2298 θυμῷ·

323 2315 426 2384 αὐτόν
448 2317 480 2386 α’
500 2317 559 2386 οὐκ
579 2314 700 2404 ἀγαθὴ
722 2313 840 2404 κομιδι)
866 2321 945 2404 έχει,
965 2317 1037 2386 ἀλλ’
1057 2314 1129 2403 ἅμα
1149 2320 1255 2406 γῆρας

252 2440 305 2491 250
323 2417 444 2508 λυγρόν
466 2425 546 2509 έχεις
567 2422 701 2508 αὐχμεῖς
721 2446 756 2488 τε
779 2425 885 2500 κακῶς
909 2425 965 2490 καί
988 2420 1098 2488 ἀεικέα
1121 2426 1223 2488 ίσσαι.

324 2523 363 2591 ού
384 2529 443 2610 μὲν
463 2525 600 2615 ἀεργίης
618 2551 656 2611 γε
678 2521 765 2605 ἀναξ
786 2525 864 2592 ἕνεκ’
884 2520 924 2592 οό
946 2547 982 2592 σε
1004 2527 1137 2610 κομίζει,

322 2626 398 2692 οὐδέ
420 2632 453 2693 τί
474 2654 526 2696 τοι
549 2627 697 2696 δούλειον
718 2634 884 2714 ἐπιπρέπει
901 2627 1132 2712 ἐίσοροίαοθαι

323 2726 409 2807 εἶδος
430 2734 486 2797 καί
507 2735 666 2817 μέγεθος·
689 2733 827 2816 βασιλῆι
848 2725 912 2820 γάρ
935 2730 1032 2820 ἀνδρί
1053 2735 1170 2810 ἔοικας.

322 2831 461 2919 τοιούτῳ
482 2838 517 2901 δὲ
539 2837 661 2914 έοικας,
683 2837 753 2900 ἐπεὶ
774 2831 933 2902 λούσαιτο
955 2831 1060 2926 φάγοι
1081 2859 1125 2914 τε,

252 2951 304 3002 255
324 2935 492 3023 εὑδέμεναι
511 2941 682 3027 μαλακῶς·
705 2932 728 3020 ἦ
749 2931 814 3025 γάρ
837 2940 910 3019 δίκη
932 2942 1002 3010 ,ἐστὶ
1024 2935 1195 3027 γερόντων.

322 3039 394 3121 ἀλλ’
413 3036 472 3127 ἀγε
494 3069 552 3128 μοι
572 3040 648 3112 τόδε
670 3046 737 3110 ελπέ
759 3046 816 3110 καὶ
839 3040 997 3127 ἀτρεκέως
1016 3039 1213 3122 κατάλεξον·

322 3149 378 3211 τεῦ
400 3141 489 3230 δμιός
511 3146 556 3223 είς
577 3146 725 3234 ἀνδρεῖος
748 3149 804 3212 τεῦ
827 3144 861 3218 δ’,
872 3142 1016 3233 ὄρχατον
1037 3140 1286 3236 ἀμφιπολεύεις,Ι
1310 3215 1311 3220 ,

321 3251 379 3312 καί
399 3271 458 3330 μοι
478 3248 566 3314 τοῦτ’
587 3247 768 3333 ἀγόρευσον
790 3245 967 3334 ἐτήτυμον,
989 3243 1067 3337 ὄφρ’
1086 3241 1129 3314 εὖ,
1144 3250 1226 3327 είδῶ,

324 3355 351 3415 εί
373 3345 464 3414 ἐτεόν
485 3348 515 3432 γ’
531 3347 681 3429 Ἰθάκην,
695 3347 787 3427 τήνδ’
806 3347 954 3435 ἱκόμεθ’,
978 3346 1021 3424 ιός
1042 3373 1100 3432 μοι
1122 3355 1226 3418 ἐἐιπεν

253 3463 305 3515 260
324 3443 420 3530 οὗτος
441 3447 526 3541 ἀνὴρ
549 3457 609 3519 νῦν
631 3445 672 3533 δύ
694 3448 921 3538 ξυμβλήμενος
943 3447 1061 3516 ἐνθάδ’
1083 3449 1175 3542 ἐόντι,

323 3550 363 3622 ού
384 3581 418 3623 τι
438 3554 516 3642 μόλ’
536 3556 720 3648 α’ρτίφρων,
743 3558 812 3622 ἐπεὶ
836 3553 875 3622 ού
895 3551 1064 3638 τόλμησεν
1081 3561 1203 3623 έκαστα
1258 3603 1262 3608 -

323 3665 423 3725 εἰπεῖν
444 3659 496 3741 η’δ’
512 3664 695 3727 ἐπακοῦσαι
716 3655 796 3746 ἐμόν
818 3663 910 3738 έπος,
933 3656 976 3736 ὡς
998 3663 1151 3748 ἐρέεινον,

323 3761 411 3852 ἀμφὶ
434 3764 527 3850 ξείνῳ
550 3768 630 3850 ἐμῷ,
652 3759 675 3844 η’
696 3788 762 3832 που
783 3760 855 3843 ζώει
877 3765 988 3829 τεκαὶ
1011 3765 1099 3830 ἐστιν

323 3856 346 3947 ἦ
368 3861 432 3958 ἤδη
453 3871 598 3948 τέθνηκε
620 3871 676 3933 καὶ
699 3874 746 3933 εέν
766 3867 879 3932 Ἀίδαο
902 3861 1062 3952 δόμοισιν.

251 3982 305 4033 255
324 3975 358 4034 ἐκ
379 3966 443 4056 γάρ
466 3995 519 4036 τοι
540 3976 634 4059 ἐρέω,
656 3965 697 4041 σύ
718 3971 753 4038 δέ
777 3966 903 4042 σύνθεο
925 3973 983 4036 καί
1002 3994 1063 4054 μεν
1085 3965 1243 4038 ἀκονσον·

323 4069 430 4163 ἀνδρα
452 4072 525 4140 ποτ’
545 4072 708 4151 ἐξείνισσα
731 4077 811 4166 φίλῃ
833 4077 882 4142 ἐνὶ
903 4075 1037 4163 πατρίδι
1058 4077 1135 4165 γαίη
