3259 4917
257 484 259 491 ⁴
295 520 329 573 ιε
680 518 966 573 omnum

248 674 268 739 4
295 676 368 761 ῥεῖα
391 672 419 739 δ’
436 671 617 760 ἀρίγνωτος
638 672 736 760 γόνος
758 664 925 763 ἀνέροςῷ
947 698 982 740 τε
1004 675 1160 761 Κρονίων

295 772 397 861 ὀλβον
420 772 580 867 ἐπικλώσῃ,
599 766 756 863 γαμέοντί
778 796 812 843 τε
834 783 1015 864 γιγνομένῳ
1037 800 1081 856 τε,

296 879 339 957 ὡς
360 882 419 946 νῦν
442 882 586 966 Νέστορι
608 882 688 947 δῶκε
710 882 887 969 διαμπερές
907 874 1022 965 ήματα
1042 876 1162 959 πάντα,
1266 949 1269 958 ,

225 1000 277 1053 210
296 977 398 1049 αὐτόν
419 984 479 1069 μὲν
500 984 645 1072 λιπαρῶς
665 989 871 1073 γηρασκέμεν
892 989 928 1048 έν
949 979 1152 1068 μεγάροισιν,

296 1090 385 1163 υἱέας
406 1076 450 1151 αύ
470 1083 624 1164 πινυτούς
646 1111 681 1152 τε
702 1090 758 1153 καὶ
783 1090 910 1173 έγχεσιν
930 1080 1013 1153 εἶναι
1034 1083 1200 1173 ἀρίστους.
1218 1116 1223 1127 ’

295 1186 387 1273 ἡμεῖς
409 1189 443 1253 δὲ
465 1186 643 1275 κλαυθμόν
663 1194 724 1275 μέν
745 1183 901 1275 ἐάσομεν,
925 1184 962 1266 ὃς
983 1192 1061 1275 πρὶν
1083 1184 1217 1273 ἐτύχθη,

296 1288 421 1380 δόρπου
443 1288 473 1357 δ’
489 1290 616 1371 ἐξαῦτις
637 1290 861 1379 μνησώμεθα,
879 1294 974 1378 χερσὶ
992 1290 1026 1357 δ’
1042 1289 1096 1381 ἐφ’
1114 1288 1201 1380 ύδωρ
1250 1310 1254 1313 ’
1309 1338 1312 1343 -

292 1390 468 1480 χευάντων.
499 1397 607 1480 μῦθοι
629 1396 743 1463 δὲκαὶ
764 1395 880 1477 ἠῶθέν
901 1420 962 1481 περ
983 1397 1117 1461 έσονται

227 1511 279 1563 215
304 1498 483 1583 Τηλεμάχῳ
505 1500 562 1563 καὶ
582 1501 656 1582 ἐμοὶ
679 1500 864 1584 διαειπέμεν
886 1496 1111 1580 ἀλλήλοισιν.»

342 1597 385 1679 ὣς
407 1599 515 1691 έφατ’,
536 1602 724 1693 Ἀσφαλίων
746 1602 776 1669 δ’
792 1598 845 1692 ἀρ’
864 1599 952 1690 ύδωρ
975 1604 1030 1668 έπὶ
1048 1612 1163 1690 χεῖρας
1184 1604 1299 1687 έχευεν,

297 1699 619 1793 ὀτρηρόςθεράπων
642 1704 818 1775 Μενελάου
838 1708 1041 1790 κυδαλίμοιο.

298 1812 330 1873 ολ
352 1804 381 1873 δ’
398 1803 448 1872 ἐπ’
467 1805 598 1873 ὀνείαθ’
618 1813 734 1896 ἑτοῖμα
756 1811 955 1897 προκείμενα
972 1817 1087 1896 χεῖρας
1108 1806 1232 1874 ίαλλον.

342 1907 416 1976 ἕνθ’
437 1899 509 1975 αὖτ’
530 1904 603 1975 ἀλλ’
623 1909 732 1993 ένόησ’
748 1912 861 1993 Ἑλένη
883 1907 961 1988 Αιός
982 1917 1171 1996 ἐκγεγαυῖα·

227 2023 279 2076 220
298 2011 400 2079 αὐτίκ’
420 2007 474 2101 ἀρ’
494 2018 538 2091 είς
560 2008 651 2080 οἶνον
672 2012 754 2093 βάλε
778 2012 971 2105 φάρμακον,
994 2017 1095 2080 ένθεν
1116 2016 1237 2092 ἔπινον,

296 2118 462 2195 νηπενθές
483 2115 512 2181 τ’
533 2111 656 2203 ἀχολόν
677 2114 728 2197 τε,
749 2122 858 2184 κακῶν
879 2114 1046 2198 ἐπίληθον
1067 2113 1232 2182 ἁπάντων.
1329 2168 1332 2176 .

298 2213 335 2295 ὀς
356 2212 395 2284 τό
417 2216 662 2309 καταβρόξειεν,
685 2216 768 2302 ἐπήν
788 2226 926 2311 κρητῆρι
947 2223 1036 2307 μιγεί
1057 2270 1066 2299 ,
1091 2290 1095 2295 ,
1144 2266 1149 2272 ⁴
1267 2257 1275 2271 ι

299 2316 338 2387 ού
358 2343 413 2387 κεν
437 2320 614 2413 ἐφημέριός
635 2348 671 2409 γε
693 2320 793 2407 βάλοι
814 2320 900 2391 κατά
923 2321 1027 2413 δάκρυ
1048 2324 1201 2410 παρειῶν,

299 2422 368 2489 οὐδ’
388 2424 417 2490 εί
438 2430 470 2491 ολ
492 2430 722 2507 κατατεθναίη
743 2424 852 2516 μήτηρ
875 2452 910 2493 τε
931 2424 1041 2515 πατήρ
1063 2450 1106 2507 τε,

228 2542 280 2594 225
299 2525 369 2593 οὐδ’
389 2526 418 2593 εί
438 2532 469 2594 οἱ
491 2526 724 2616 προπάροιθεν
745 2525 909 2621 ἀδελφεόν
931 2526 952 2611 ή
974 2531 1076 2621 φίλον
1097 2524 1170 2595 νίόν

294 2632 408 2716 χαλκοῖ
430 2627 580 2715 δηιόῳεν,
603 2630 621 2699 ὁ
646 2631 675 2698 δ’
691 2632 926 2723 ὀφθαλμοῖσιν
947 2632 1065 2721 ὁρῷτο.

298 2741 374 2799 τοῖα
396 2727 473 2811 Λιός
488 2732 649 2823 ,θυγάτηρ
673 2740 721 2823 ’ίχε
745 2733 909 2827 φάρμακα
930 2730 1108 2823 μητιόεντα

299 2832 424 2915 ἐσθλά,
446 2832 488 2903 τά
511 2842 544 2904 οί
566 2836 776 2927 Πολύδαμνα
797 2837 914 2928 πόρεν,
941 2841 1054 2917 θοῖνος
1074 2835 1276 2927 παράκοιτις,

269 2986 274 3003 .
298 2942 480 3025 Αἰγυπτίη,
502 2944 542 3035 τῇ
563 2946 700 3011 πλείστα
723 2948 816 3035 φέρει
836 2945 989 3032 ζείδωρος
1011 2937 1139 3030 ἀρουρα

229 3060 284 3115 230
301 3040 476 3134 φάρμακα,
498 3043 606 3113 πολλά
626 3050 687 3132 μέν
709 3041 820 3113 ἐσθλά
834 3052 1031 3132 μεμιγμένα,
1050 3038 1161 3124 πολλά
1176 3046 1218 3133 Ιδὲ
1237 3040 1351 3132 λυγρά·

300 3143 411 3237 λητρός
433 3150 467 3215 δέ
480 3156 626 3235 έκαστος
649 3148 864 3237 ἐπιστάμενος
885 3155 961 3239 περὶ
981 3145 1115 3232 πάντων

299 3248 504 3336 ἀνθρώπων·
516 3244 549 3332 ἦ
570 3248 635 3340 γάρ
658 3250 833 3336 Παιήονός
854 3260 917 3319 είσι
937 3256 1109 3338 γενέθλης.

300 3349 405 3442 αὐτάρ
423 3356 497 3419 ,ἐπεί
519 3352 549 3441 ῥ’
568 3358 841 3434 ένέηκε,κέλευσέ
863 3380 897 3422 τε
920 3357 1123 3442 οἰνοχοήσω,

300 3454 426 3537 ἐξαῦτις
445 3452 606 3542 μύθοισιν
626 3456 829 3543 ἀμειβομένη
851 3464 1043 3547 προσέειπεν

229 3569 281 3622 235
307 3560 471 3649 «Ἀτρείδη
494 3561 645 3627 Μενέλαε
666 3562 852 3654 διοτρεφές,
874 3562 932 3644 η’δέ
954 3566 1010 3629 καὶ
1032 3564 1101 3628 οίδε

300 3661 429 3751 ἀνδρῶν
451 3666 584 3731 ἐσθλῶν
604 3664 721 3743 παῖδες
744 3704 773 3718 -
802 3662 888 3754 ἀτάρ
911 3663 995 3743 θεὸς
1016 3661 1134 3732 ἀλλοτε
1157 3660 1247 3747 άλλῳ
1334 3718 1337 3723 .

300 3761 381 3842 Ζεύς
403 3764 541 3852 ἀγαθόν
562 3765 721 3863 τεικακόν
742 3793 777 3835 τε
801 3771 903 3841 διδοῖ·
926 3767 1065 3860 δύναται
1078 3764 1143 3856 γάρ
1163 3764 1297 3833 ἅπαντα
1314 3804 1356 3844 -,

300 3864 453 3948 ἤτοι-νῦν
476 3872 638 3937 δαίνυσθε
660 3868 852 3959 καθήμενοι
871 3878 908 3938 έν
929 3868 1122 3961 μεγάροισιν

299 3974 355 4037 καὶ
377 3969 501 4058 μύθοις
522 3978 700 4063 τέρπεσθε·
724 3972 856 4041 έοικότα
877 3970 942 4062 γάρ
964 3973 1140 4055 καταλέξω.

229 4087 282 4141 240
299 4072 409 4171 πάντα
431 4080 491 4162 μὲν
514 4075 571 4143 ούκ
594 4073 636 4143 ἀν
658 4074 719 4162 έγώ
740 4074 943 4164 μυθήσομαι
969 4076 1039 4145 οὐδ’
1061 4071 1222 4162 ὀνομήνω,
1287 4134 1290 4139 .
