3259 4917
315 574 349 625 10
456 536 465 555 ⁸
697 574 935 631 οοιεεειοε
961 580 986 632 A

246 728 282 791 11
313 728 387 794 ένθ’
409 725 427 794 ὅ
450 752 486 812 γε
509 733 644 818 τέρπετο
667 732 755 797 δαιτί
777 728 982 821 παρήμενος·
1006 738 1038 800 οί
1061 736 1095 799 δὲ
1118 730 1159 815 δὴ
1182 730 1278 802 ἄλλοι

313 826 420 912 Ζηνός
443 835 492 897 ίνί
513 830 705 921 μεγάροισιν
724 833 903 919 Ὀλυμπίου
925 833 1050 923 ἀθρόοι
1072 826 1169 918 ήσαν.

312 943 399 1002 τοῖσι
421 936 455 1001 δέ
477 931 598 1019 μύθων
620 928 698 1025 ἡρχε
720 932 831 1025 πατὴρ
854 936 984 1027 ἀνδρῶν
1004 956 1040 1003 τε
1062 941 1154 1005 θεῶν
1176 963 1225 1007 τε·

311 1035 461 1122 μνήσατο
484 1034 548 1127 γάρ
570 1036 654 1106 κατά
678 1036 791 1125 θυμόν
814 1030 983 1127 ἀμύμονος
1004 1044 1199 1127 Αἰγίσθοιο,

260 1152 293 1203 30
311 1139 370 1208 τόν
392 1141 423 1228 ῥ’
443 1138 718 1228 Ἀγαμεμνονίδης
739 1138 932 1223 τηλεκλυτὸς
954 1143 1059 1210 ἔκταν’
1076 1142 1237 1233 Ὀρέστης.

310 1248 370 1311 τοῦ
392 1242 411 1311 ό
433 1245 463 1331 γ’
484 1248 697 1331 ἐπιμνησθεὶς
719 1244 784 1311 ἕπε’
805 1243 1012 1313 ἀθανάτοισι
1032 1246 1185 1333 μετηύδα.

318 1345 365 1413 «ιδ
385 1345 502 1429 πόποι,
525 1348 597 1415 οἷον
619 1344 660 1427 δή
682 1370 722 1413 νυ
743 1344 848 1425 θεοὺς
868 1351 986 1436 βροτοὶ
1008 1347 1204 1417 αἰτιόωνται.

311 1452 345 1531 ἐξ
366 1450 474 1537 ἡμέων
495 1448 559 1537 γάρ
583 1473 668 1542 φασι
687 1447 759 1515 κάκ’
779 1454 929 1535 έμμεναι·
953 1456 985 1526 οἱ
1008 1454 1042 1518 δέ
1064 1457 1120 1520 καὶ
1141 1453 1238 1520 αὐτοί

311 1556 432 1645 σφῇσιν
453 1553 701 1646 ἀτασθαλίῃσιν
722 1552 801 1642 ὑπὲρ
823 1550 931 1641 μόρον
952 1549 1041 1639 ἄλγε’
1060 1558 1196 1640 λέγουσιν,

259 1671 291 1721 ³5
310 1656 353 1735 ὡς
374 1660 430 1724 καὶ
452 1659 511 1725 νῦν
532 1658 702 1743 Αἴγισθος
723 1649 802 1745 ὑπὲρ
825 1654 931 1743 μόρον
951 1657 1118 1742 Ἀτρείδαο
1206 1714 1209 1718 ,

309 1760 387 1845 γῆμ’
407 1755 531 1847 άλοχον
554 1758 717 1848 μνηστήν,
741 1756 800 1827 τὸν
823 1760 852 1826 δ’
868 1763 980 1826 έκτανε
1001 1757 1227 1849 νοστήσαντα,

311 1859 401 1941 εἰδώς
423 1859 521 1932 αἰπύν
544 1862 703 1953 ὀλεθρον,
726 1866 795 1933 έπεί
816 1858 883 1951 πρό
905 1867 938 1930 οἱ
961 1863 1094 1950 εἰπομευ
1114 1863 1216 1951 ἡμεῖς,

235 1956 239 1965 ’
306 1965 459 2051 Ἑρμείαν
481 1973 670 2057 πέμψαντες
692 1964 852 2035 έύσκοπον
874 1964 1103 2057 ἀργειφόντην,
1164 2027 1166 2030 .

308 2066 384 2154 μήτ’
405 2068 506 2137 αὐτὸν
526 2076 661 2138 κτείνειν
681 2067 763 2155 μήτε
784 2066 965 2156 μνάασθαι
986 2066 1128 2139 άκοιτιν·
1183 2142 1191 2151 ,

256 2186 291 2237 40
310 2170 429 2270 έκίγάρ
449 2173 604 2265 Ὀρέσταο
627 2179 711 2252 τίσις
733 2177 863 2243 λίσσεται
881 2173 1058 2259 Ἀτρείδαο,

279 2298 282 2311 ·
309 2274 427 2343 ὁππότ’
447 2273 490 2344 ἀν
510 2275 618 2369 ἡβήσῃ
640 2302 674 2345 τε
697 2281 753 2344 καί
773 2270 814 2359 ἡς
836 2282 996 2366 ἱμείρεται
1017 2277 1101 2358 αίης.

308 2376 351 2459 ὣς
373 2379 481 2473 ἔφαθ’
496 2380 661 2470 Ἑρμείας,
684 2381 758 2447 ἀλλ’
779 2381 819 2451 ού
841 2388 966 2474 φρένας
986 2383 1170 2467 Αἰγίσθοιο

306 2483 402 2551 πεῖθ’
423 2480 544 2567 ἀγαθά
567 2490 732 2575 φρονέων·
754 2491 814 2553 νῦν
836 2486 866 2551 δ’
882 2483 1001 2571 ἀθρόα
1021 2482 1119 2550 πάντ’
1138 2481 1319 2549 ἀπέτισεν.»

350 2584 411 2654 τὸν
433 2586 462 2653 δ’
477 2584 622 2671 ἠμείβετ’
643 2590 753 2654 ἔπειτα
775 2583 844 2654 θεά
866 2591 1050 2672 γλαυκῶπις
1072 2582 1199 2665 Ἀθήνη

256 2698 289 2748 45
316 2682 364 2755 «ὦ
385 2686 488 2777 πάτερ
509 2688 644 2778 ἡμέτερε
665 2692 831 2781 Κρονίδη,
853 2687 956 2756 ὕπατε
976 2685 1166 2775 κρειόντων,

307 2796 363 2859 καί
385 2796 460 2875 λίην
480 2789 588 2871 κεῖνός
609 2819 645 2879 γε
668 2791 787 2861 ἐοικότι
808 2802 913 2872 κεῖται
934 2790 1076 2879 ὀλέθρῳ,

307 2896 350 2974 ὡς
371 2894 529 2965 ἀπόλοιτο
551 2901 606 2965 καί
629 2893 743 2975 ἀλλος,
768 2892 787 2961 ό
808 2921 858 2973 τις
878 2891 1017 2962 τοιαῦτά
1037 2918 1074 2978 γε
1096 2894 1192 2980 ῥέζοι.
1294 2911 1299 2915 “

307 2998 394 3067 ἀλλά
415 3026 473 3087 μοι
494 2999 579 3090 ἀμφ’
596 2998 731 3079 Ὀδυσῆι
752 3000 910 3089 δαΐφρονι
932 3000 1061 3095 δαίεται
1080 2988 1172 3083 ἡτορ,

306 3101 473 3193 δυσμόρῳ,
497 3101 534 3181 ὃς
557 3100 598 3185 δὴ
621 3096 716 3183 δηθά
739 3106 845 3193 φίλων
866 3098 933 3169 ἀπο
956 3098 1093 3186 πήματα
1111 3096 1233 3186 πάσχει

255 3218 288 3268 50
306 3205 396 3290 νήσῳ
418 3214 453 3271 έν
475 3203 657 3297 ἀμφιρύτῃ,
684 3203 746 3273 ὅθι
768 3205 797 3273 τ’
818 3202 971 3296 ὀμφαλός
993 3211 1062 3271 έστι
1083 3199 1272 3283 θαλάσσης,

306 3312 406 3388 νῆσος
429 3304 644 3393 δενδρήεσσα,
666 3304 736 3373 θεά
758 3308 788 3373 δ’
806 3307 1000 3391 ἐνδύματα
1021 3310 1116 3383 ναίει,

304 3406 478 3485 Ἄτλαντος
500 3404 654 3497 θυγάτηρ
677 3406 898 3501 ὀλοόφρονος,
922 3407 959 3485 ὅς
980 3433 1015 3475 τε
1038 3403 1217 3489 θαλάσσης

305 3510 414 3593 πάσης
435 3513 563 3598 βένθεα
586 3508 686 3591 οἶδεν,
711 3514 774 3597 έγει
796 3513 831 3578 δέ
853 3536 889 3579 τε
910 3515 1024 3589 κίονας
1046 3508 1145 3589 αὐτός

305 3612 447 3705 μακράς,
471 3616 508 3681 αἰ
523 3611 629 3701 γαῖάν
651 3640 685 3681 τε
707 3618 763 3683 καί
785 3609 929 3703 οὐρανόν
951 3614 1058 3705 ἀμφὶς
1080 3619 1217 3703 ἔχουσιν.

254 3729 288 3779 55
306 3724 365 3787 τοῦ
387 3716 541 3808 θυγάτηρ
564 3716 726 3800 δύστηνον
747 3715 949 3805 ὀδυρόμενον
970 3716 1144 3806 κατερύκει,

307 3826 371 3890 αἰεὶ
393 3824 427 3889 δὲ
449 3826 627 3906 μαλακοῖσι
648 3825 705 3890 καὶ
727 3825 909 3909 αἱμυλίοισι
929 3819 1076 3906 λόγοισιν

306 3929 434 4007 θέλγει,
457 3922 545 4003 ὅπως
562 3924 703 4008 Ἰθάκης
724 3923 925 4007 ἐπιλήσεται·
949 3922 1055 4012 αύτάρ
1074 3919 1254 4000 Ὀδυσσεύς,

307 4035 432 4116 ἱέμενος
454 4032 510 4095 καὶ
532 4025 658 4097 καπνὸν
680 4027 949 4117 ἀποθρώσκοντα
971 4032 1092 4107 νοῆσαι

307 4122 346 4214 ἡς
368 4134 478 4219 γαίης,
501 4134 637 4201 θανέειν
659 4136 825 4221 ἱμείρεται.
855 4130 991 4199 οὐδένα
1013 4132 1068 4197 σοί
1087 4151 1149 4215 περ
