3259 4917
331 576 367 631 6⁴
715 574 952 632 ΟΔῩΣΣΕΙΔΣ
978 574 1002 628 E

283 734 304 801 5
331 730 427 813 Ζεύς,
449 727 586 820 ἐτάραξε
609 734 643 798 δέ
664 726 802 835 πόντον,
825 734 1055 819 ἐπισπέρχουσι
1075 727 1107 794 δ
1126 723 1246 795 άελλαι

264 850 314 903 305
332 837 499 903 παντοίων
519 834 659 923 ἀνέμων.
686 824 747 902 νόν
744 857 828 963 μοι
848 835 915 912 σῶς
935 827 1034 910 αλπάς
1055 826 1209 919 ὄλεθρος.
1282 872 1285 879 -

331 936 549 1028 τρισμάκαρες
570 940 699 1015 Δαναοὶ
719 925 777 1005 καὶ
797 933 960 1023 τετράκις,
982 938 1017 1001 οἳ
1037 932 1098 1001 τότ
1100 930 1247 1003 ’ὄλοντο

338 1046 443 1133 Τροίῃ
462 1049 497 1109 ἐν
519 1039 637 1133 εὐρείῃ,
658 1038 757 1130 χάριν
775 1041 957 1131 Ἀτρείδῃσι
978 1045 1143 1164 φέροντες.

333 1144 376 1224 ὡς
397 1140 438 1226 δή
461 1144 554 1230 έγωχ
576 1141 700 1236 όφελον
722 1147 859 1211 θανέειν
881 1146 939 1208 καὶ
958 1139 1089 1230 πότμον
1108 1149 1257 1210 ἐπισπεῖν

332 1243 434 1335 ήματι
455 1250 516 1333 τῷ,
539 1244 593 1315 ότε
614 1272 673 1335 μοι
693 1251 842 1314 πλεῖστοι
859 1241 1034 1334 χαλκήρεα
1049 1248 1156 1333 δοῦρα
1223 1328 1227 1331 ⁴

266 1365 316 1419 310
339 1356 482 1476 Τρῶεςέ
483 1358 660 1449 πέρριφαν
671 1354 747 1441 περὶ
768 1350 938 1431 Πηλείωνι
958 1347 1114 1416 θανόντε.

334 1458 380 1540 τῷ
402 1480 421 1521 κ
424 1453 568 1542 ’έλαχον
589 1459 741 1543 κτερέων,
762 1456 820 1519 καί
840 1477 902 1538 μευ
923 1443 1060 1530 κλέος’
1036 1476 1121 1540 ηχον
1139 1454 1281 1541 Ἀχαιοί·

334 1562 451 1625 νῦνέ
417 1559 451 1624 δέ
474 1582 515 1644 με
536 1562 697 1684 λευγαλέῃ
719 1554 862 1641 θανάτῳ
884 1561 1037 1645 εἵμαρτο
1044 1555 1202 1625 ἀλωναι.»

379 1657 423 1739 ἀς
445 1655 513 1748 ἀρα
534 1686 592 1748 μιν
614 1659 725 1738 εὶπόντ
728 1652 872 1727 ’έλιεσεν
892 1665 979 1745 μέγα
999 1665 1088 1746 κῦμα
1108 1659 1181 1728 κατ’
1200 1658 1312 1751 ἄκρης,
1333 1725 1336 1729 .

336 1759 445 1832 δεινόν
467 1763 700 1861 ἐπεσσύμενον,
722 1768 796 1852 περὶ
818 1766 853 1831 δέ
876 1764 1009 1849 σχεδίην
1029 1763 1177 1845 ἐλέλιξεν.
1261 1802 1266 1813 1
1378 1794 1386 1805 ·

267 1879 318 1932 315
336 1870 413 1950 τῆλε
436 1868 466 1935 δ’
482 1865 550 1936 ἀπὸ
573 1872 702 1957 σχεδίης
724 1863 826 1946 αὐτὸς
844 1872 938 1947 πέσε,
962 1864 1127 1948 πηδάλιον
1148 1862 1184 1935 δέ

336 1979 372 2040 ἐκ
390 1976 510 2063 χειρῶν
531 1978 679 2061 προέηκε.
707 1977 810 2059 μέσον
832 1974 867 2039 δέ
889 1976 924 2037 ολ
944 1966 1040 2041 ἱστόν
1060 1970 1155 2053 έαξεν

337 2071 426 2157 δεινή
447 2072 654 2171 μισγομένων
676 2072 806 2163 ἀνέμων
828 2077 980 2142 ἐλθοῦσα
1000 2072 1140 2155 θύελλα,

336 2182 439 2263 τηλοῦ
461 2182 495 2247 δέ
517 2186 652 2267 σπεῖρον
673 2173 729 2246 καὶ
751 2181 897 2266 ἐπίκριον
918 2181 1036 2265 ίμπεσε
1057 2177 1177 2263 πόντῳ,

337 2282 397 2352 τὸν
419 2282 448 2349 δ’
468 2279 523 2371 ἀρ’
541 2280 713 2371 ὑπόβρυχα
734 2286 823 2365 θῆκε
844 2277 950 2376 πολὺν
967 2281 1107 2372 χρόνον,
1132 2280 1204 2350 οὐδ’
1221 2279 1393 2364 ἐδυνάσθη

269 2400 321 2453 320
339 2384 429 2480 αίφα
450 2383 528 2474 μάλ’
548 2387 742 2475 ἀνσχεθέειν
763 2384 910 2474 μεγάλου
930 2382 995 2454 ὑπὸ
1016 2382 1305 2485 νάματος-,ὁρμῆςὀ
1366 2455 1370 2467 .

338 2495 459 2576 εἵματα
480 2489 545 2578 γάρ
569 2490 599 2578 ῥ’
619 2488 771 2581 ἐβάρυνε,
794 2486 837 2555 τά
860 2495 892 2556 ολ
913 2486 996 2579 πόρε
1018 2492 1076 2558 δῖα
1096 2485 1260 2580 Καλτιφά.
1348 2542 1354 2547 .

339 2593 403 2687 ὀφέ
425 2596 460 2661 δέ
483 2592 524 2677 δή
546 2593 578 2683 ῥ’
597 2592 710 2674 ἀνέδυ,
732 2590 898 2679 στόματος
919 2592 950 2661 δ’
970 2594 1140 2675 ἐξέπτυσεν
1160 2588 1271 2679 ἅλμην

338 2695 471 2784 πικρήν,
493 2695 517 2779 ή
539 2703 571 2764 οἱ
592 2691 699 2778 πολλή
721 2693 788 2763 ἀπὸ
811 2692 933 2783 κρατός
953 2691 1145 2791 κελάρυζεν.’
1199 2762 1203 2767 .

339 2798 410 2865 ἀλλ’
432 2799 501 2867 οὐδ’
514 2792 565 2877 ’ὥς
587 2801 716 2887 σχεδίης
737 2797 934 2881 ἐπελήθετο,
960 2797 1148 2888 τειρόμενός
1167 2823 1237 2887 περ,

271 2914 322 2966 325
341 2896 427 2969 ἀλλά
447 2906 683 2993 μεθορμηθεὶς
704 2907 753 2973 ἐνὶ
774 2900 924 2990 νάμασιν
938 2903 1085 2989 ἐλλάβετ’
1106 2902 1242 2985 αὐτῆς*

340 3013 376 3074 ἐν
397 3012 501 3100 μέσσῃ
523 3010 558 3075 δέ
579 3009 699 3089 καθῖζε
720 3011 813 3086 τέλος
834 3005 992 3092 θανάτου
1012 3007 1177 3076 ἀλεείνων.

284 3186 292 3199 ,
339 3107 401 3193 τήν
423 3110 486 3177 6'6
468 3109 584 3237 ἐφόρει
606 3118 691 3239 μέχα
711 3115 799 3199 κῦμα
820 3107 906 3179 κατά
928 3108 1022 3198 ῥόον
1032 3114 1122 3177 ένθα
1143 3113 1201 3177 καὶ
1222 3112 1319 3179 ἐνθν
1362 3152 1366 3157 ·

340 3241 384 3292 ως
406 3213 476 3281 δ
450 3215 504 3282 στ’
525 3214 686 3305 ὀπωρινὸς
710 3217 839 3304 Βορέης
862 3220 1021 3307 φορέῃσιν
1042 3210 1205 3292 ἀκάνθας

340 3314 388 3405 ἀμ
386 3312 538 3398 πεδίον,
560 3324 692 3387 πυκιναὶ
714 3321 749 3387 δὲ
770 3316 855 3406 πρὸς
875 3315 1055 3420 ἀλλήλῃσιν
1077 3320 1250 3405 ίχονται,

272 3435 323 3489 330
341 3417 384 3501 τίς
405 3416 467 3504 τήν
489 3418 536 3509 ἀμ
557 3416 744 3507 πέλαγος’
721 3446 839 3509 ανεμοι
859 3430 965 3514 φέρον
985 3424 1075 3489 ένθα
1095 3425 1151 3488 καί
1174 3423 1272 3488 ένθα.

340 3522 458 3594 ἀλλοτε
479 3532 541 3614 μέν
561 3550 597 3594 τε
619 3522 730 3605 Νότος
751 3528 880 3621 Βορέῃ
884 3522 1089 3615 προβάλεσκε
1110 3527 1288 3616 φέρεσθαι,

341 3626 459 3698 άλλοτε
481 3622 569 3697 δ”
526 3655 589 3697 αυτ
591 3622 727 3719 Ἐὖρός
748 3629 889 3723 Ζεφύρῳ
911 3629 1039 3711 ειξασκε
1060 3625 1196 3696 διόκειν.

383 3731 443 3801 τόν
466 3737 500 3801 δὲ
521 3734 590 3803 ίδεν
611 3732 754 3820 Κάδμου
775 3732 931 3825 θυγάτηρ
953 3736 1179 3825 καλλίσφυρος
1196 3728 1280 3812 Ἰνιί,

340 3840 536 3919 Λευκοθέη,
559 3833 581 3919 ή
602 3842 681 3929 πρὶν
703 3842 762 3923 μὲν
785 3840 842 3919 έην
863 3833 989 3925 βροτός,
1007 3834 1184 3918 αὐδήεσσα,

271 3954 323 4008 335
340 3942 402 4007 νῦν
423 3939 453 4006 δ’
472 3938 552 4019 ἁλὸς
573 3948 609 4009 ἐν
629 3940 806 4028 πελάγεσσι
831 3944 925 4015 θεῶν
946 3941 1103 4029 ἐξέμμορε
1124 3939 1231 4026 τιμῆς.
1329 3987 1334 3997 „

340 4040 362 4125 ή
385 4042 416 4132 ῥ’
441 4042 570 4125 Ὀδυσῆ’
590 4048 722 4127 ἐλέησεν
743 4044 928 4132 ἀλώμενον,
950 4040 1040 4130 ἄλγε’
1060 4048 1188 4131 έχοντα,

377 4223 428 4278 337
447 4224 544 4295 αἰθυίῃ
563 4216 590 4277 δ’
603 4225 686 4276 louvia
703 4219 773 4295 ποτῇ
793 4218 933 4277 ἀνεδάοετο
950 4225 1040 4293 λίμνης
