3259 4917
641 546 880 633 ου’τεεειεε
906 579 931 632 ε

201 730 225 796 5
254 736 326 807 τοῖς
348 722 419 814 ἀρα
437 725 559 817 μύθων
580 720 659 818 ήρχε
681 731 836 825 Καλυφά
858 732 915 801 δῖα
938 731 1062 801 θεάων.
1192 777 1195 786 ·

262 833 428 918 «διογενὲς
448 832 658 922 Λαερτιάδη,
679 833 885 923 πολυμήχαν’
909 835 1073 917 Ὀδυσσεῦ,

255 932 340 1003 οὕτω
364 932 405 1017 δὴ
428 933 555 1005 οἶκόνδε
578 940 680 1029 φίλην
701 946 734 1017 ἐς
755 942 901 1023 πατρίδα
920 952 1024 1027 γαῖαν

178 1057 237 1110 205
255 1037 373 1106 αὐτίκα
394 1042 455 1109 νῦν
476 1044 604 1121 ἐθέλεις
625 1046 724 1127 ίέναις
747 1039 789 1111 σὺ
810 1046 846 1111 δὲ
864 1052 960 1131 χαῖρε
980 1048 1037 1112 καὶ
1059 1048 1172 1135 έμπης.

255 1142 286 1210 εί
303 1168 340 1229 γε
361 1146 422 1229 μὲν
444 1147 560 1227 εὶδείης
583 1147 658 1238 σῇσι
681 1150 799 1238 φρεσὶν
820 1142 908 1221 ὅσσα
928 1172 983 1213 τοι
1002 1143 1086 1215 αἶσα
1206 1223 1210 1228 ,

253 1244 342 1328 κήδε’
362 1246 555 1329 ἀναπλῆσαι
575 1252 655 1337 πρὶν
675 1251 822 1338 πατρίδα
842 1241 944 1335 γαῖαν
961 1252 1126 1337 λιτέσθαι,Χ

254 1348 379 1418 ἐνθάδε
400 1350 428 1419 κ’
449 1344 536 1419 αὖθι
556 1358 663 1439 μένων
685 1348 745 1421 σύν
767 1356 842 1439 ἐμοὶ
861 1350 938 1420 τόδε
959 1356 1056 1440 δῶμα
1077 1353 1264 1448 φυλάσσοις

233 1451 432 1534 ,ἀθάνατός
454 1454 484 1523 τ’
503 1455 584 1538 είης,
606 1454 811 1545 ἱμειρόμενός
833 1482 893 1547 περ
914 1460 1052 1539 ίδέσθαι

179 1576 237 1630 210
256 1553 319 1639 σήν
340 1554 478 1646 άλοχον,
499 1562 560 1643 τῆς
581 1564 652 1629 αὶέν
672 1564 798 1629 ἐέλδεαι
820 1556 932 1648 ἤματα
952 1558 1073 1629 πάντα.

255 1658 295 1727 οὐ
315 1666 470 1757 μένθην
490 1666 599 1745 κείνης
620 1690 656 1751 γε
676 1658 811 1753 χερείων
834 1661 970 1752 εύχομαι
991 1662 1084 1747 εἶναι,

254 1762 294 1831 ού
315 1766 417 1851 δέμας
440 1766 513 1835 οὐδὲ
536 1765 639 1859 φυήν,
665 1773 735 1838 ἐπεὶ
757 1765 797 1860 ού
818 1794 887 1847 πως
909 1768 984 1850 αύδέ
1004 1773 1109 1838 έοιιιεν

252 1864 387 1950 θνητάς
408 1868 601 1963 ἀθανάτῃσι
624 1873 726 1958 δέμας
746 1870 802 1939 καὶ
823 1871 910 1950 ἐἶδος
931 1873 1077 1958 ἐρίζειν.»

297 1967 359 2053 τὴν
381 1972 411 2039 δ’
430 1972 700 2061 ἀπαμειβόμενος,
716 1981 869 2067 προσέφη
891 1973 1071 2064 πολύμητις
1088 1974 1263 2058 Ὀδυσσεύς

178 2093 234 2145 215
260 2072 390 2143 «πότνα
412 2075 496 2161 θεά,
521 2064 569 2168 μή
590 2104 650 2167 μοι
669 2075 744 2147 τόδε
763 2077 858 2167 χάεο.
888 2078 964 2147 οῖδα
984 2083 1042 2147 καὶ
1059 2077 1164 2160 ἀὐτός

251 2176 365 2247 πάντα
385 2178 471 2267 μάλ’,
494 2180 612 2251 οὕνεκα
634 2192 703 2249 σεῖο
725 2186 895 2273 περίφρων
916 2179 1129 2263 Πηνελόπεια
1158 2213 1161 2218 ’

251 2282 338 2361 εἶδος
359 2282 552 2373 ἀκιδνοτέρη
574 2282 720 2370 μέγεθός
740 2282 770 2350 τ’
790 2283 925 2352 είσαντα
947 2286 1099 2353 ἰδέσθαι·

251 2386 274 2469 ή
295 2390 356 2472 μὲν
377 2383 442 2475 γάρ
463 2385 585 2477 βροτός
607 2395 693 2469 ἐστι,
717 2381 758 2455 σε)
780 2385 810 2453 δ’
825 2384 1004 2468 ἀθάνατος
1023 2391 1080 2454 καὶ
1101 2386 1241 2480 ἀγήρως.

250 2488 339 2558 ἀλλά
361 2494 417 2558 καὶ
441 2483 484 2570 ὦς
506 2492 613 2559 ἐθέλω
635 2494 692 2557 καὶ
707 2492 869 2577 ’ἐέλδομαι
888 2487 1002 2577 ήματα
1021 2487 1140 2567 πάντα,

118 2656 122 2662 .
178 2612 234 2665 220
253 2594 363 2673 οίκαδέ
380 2593 415 2669 ,τ’
434 2597 613 2682 ἐλθέμεναι
633 2599 688 2663 καὶ
710 2593 870 2683 νόστιμον
890 2587 982 2684 ἦμαρ
1004 2599 1149 2665 ίδέσθαι.

253 2705 281 2765 εὶ
304 2697 333 2763 δ’
351 2689 395 2767 αύ
414 2724 464 2777 τις
485 2702 597 2793 ῥαίῃσι
619 2702 711 2767 θεῶν
733 2703 781 2767 ἐνὶ
803 2699 913 2769 οίνοπι
933 2697 1073 2787 πόντῳ,

250 2798 415 2888 τλήσομαι
437 2810 472 2870 ἐν
495 2801 680 2892 στήθεσσιν
701 2808 782 2891 έχων
805 2808 1023 2898 ταλαπενθέα
1043 2803 1174 2891 θυμόν·

249 2900 317 2987 ήδη
338 2902 403 2996 γάρ
424 2903 519 2993 μάλα
538 2904 632 2973 πόλλ’
652 2911 786 2984 έπαθον
807 2913 865 2976 καὶ
884 2906 981 2976 πόλλ’
1000 2905 1149 2996 ἐμόγησα

251 3006 375 3096 κύμασι
395 3014 452 3078 καὶ
472 3005 620 3097 πολέμῳ·
641 3006 725 3097 μετά
746 3015 803 3079 καὶ
823 3009 900 3079 τόδε
922 3021 1010 3079 τοῖσι
1029 3014 1211 3096 γενέσθαι.»

176 3124 232 3178 225
297 3109 341 3191 ιδς
362 3114 465 3207 έφατ-’,
486 3113 605 3199 ήέλιος
617 3112 647 3179 δ’
668 3110 721 3201 ἀρ’
742 3117 796 3209 ἔδυ
818 3120 875 3182 καὶ
896 3118 950 3185 ἐπὶ
970 3117 1095 3203 κνέφας
1115 3102 1240 3195 ἦλθεν·

251 3213 410 3295 ἐλθόντες
432 3216 461 3285 δ’
480 3212 548 3307 ἀρα
569 3215 615 3283 τά
635 3241 672 3302 γε
693 3221 786 3304 μυχῷ
807 3221 939 3296 σπείους
959 3219 1170 3308 γλαφυροῖο·

248 3323 441 3410 τερπέσθην
460 3318 628 3411 φιλότητι,
650 3318 730 3411 παρ’
750 3318 921 3405 ἀλλήλοισι
941 3326 1104 3409 μένοντες.
1126 3362 1154 3393 0,
1276 3346 1278 3351 ⁴

295 3415 381 3509 ἦμος
400 3423 434 3504 δ’
448 3422 613 3513 ἠριγένεια
634 3423 728 3518 φάνη
750 3422 992 3514 ῥοδοδάκτυλος
1013 3423 1088 3506 ήιίς,
1144 3431 1148 3438 '

251 3524 356 3613 αὐτίχ’
377 3526 396 3593 ὁ
414 3532 479 3613 μὲν
498 3525 647 3616 χλαῖνάν·
663 3554 696 3597 τε
715 3527 844 3617 χιτῶνά.
861 3554 896 3595 τε
918 3529 1020 3596 ἕννυτ’
1035 3525 1217 3607 Ὀδυσσεύς,

176 3645 232 3699 230
251 3626 336 3712 αὐτή
358 3630 387 3698 δ’
402 3629 570 3723 ἀργύφεον
593 3636 702 3722 φᾶρος
723 3640 809 3718 μέγα
831 3639 944 3706 ἕννυτο
965 3627 1090 3720 νύμφη,
1171 3647 1175 3651 ”

249 3729 370 3801 λεπτὸν
391 3736 448 3825 καὶ
466 3736 597 3820 χαρίεν,
616 3725 692 3822 περὶ
715 3737 750 3802 δέ
772 3734 877 3814 ζώνην
896 3730 1009 3818 βάλετ’
1023 3731 1100 3819 Q
1167 3790 1170 3793 .

86 3912 87 3915 Ἴ
248 3832 355 3919 καλήν
373 3840 542 3927 χρυσείην,
563 3839 689 3928 κεφαλῇ
712 3836 741 3903 δῖ
762 3834 932 3931 ἐφύπερθε
952 3832 1158 3935 καλύπτρην·
1233 3864 1237 3867 ·

200 4007 209 4029 ‚
248 3943 306 4006 καὶ
328 3938 399 4007 τότ’
423 3938 579 4020 Ὀδυσσῆι
600 3938 800 4032 μεγαλήτορι
821 3938 945 4026 μήδετο
966 3939 1111 4029 πομπήν.

249 4046 362 4119 δῶκέν,
375 4049 407 4111 οἱ
428 4044 564 4110 πέλεκυν
585 4046 705 4130 μέγαν,
727 4038 872 4133 ἀρμενον
893 4051 929 4111 ἐν
950 4042 1148 4138 παλάμῃσιν,

177 4157 232 4225 205
247 4144 405 4235 χάλκεον,
426 4145 671 4239 ἀμφοτέρωθεν
693 4145 894 4239 ἀκαχμένον·
916 4146 1022 4241 αύτάρ
1045 4156 1081 4217 έν
1102 4149 1191 4235 αύτῷ

178 4301 183 4307 .
1088 4258 1105 4311 6
