3259 4917
418 795 464 829 σαν
491 777 571 828 λίθον
599 782 670 829 ποιεῖ
691 774 837 838 Ποσειδῶν,
863 772 966 844 Ἀθηνᾶ
994 776 1021 828 δὲ
1048 778 1092 827 ἐπί
1118 775 1154 841 τῷ
1178 774 1285 843 αἰγιαλῷ
1312 772 1368 829 ὄντι

415 856 534 915 Ὀδυσσεῖ
552 860 721 931 συμβουλεύει
739 864 799 932 περὶ
816 860 863 930 τῆς
880 864 1122 933 μνηστηροφονίας,
1139 863 1184 913 καὶ
1201 860 1235 915 τά
1243 857 1369 933 χρήματα

418 952 443 999 ἐν
466 966 516 1001 τινι
539 949 655 1015 σπηλαίῳ
679 942 856 1018 ἀποκρύπτει,
879 948 923 1000 καί
946 948 982 1005 είς
1003 950 1114 1016 γέροντα
1135 955 1304 1018 μεταμορφοῖ
1320 947 1367 999 τὸν

415 1026 551 1086 Ὀδυσσέα.

312 1137 348 1217 Ξ.
391 1140 614 1219 Ὀδυσσέως
634 1139 738 1233 πρὸς
759 1138 947 1229 Εὔμαιον
970 1140 1117 1227 ὁμιλία.

383 1256 498 1327 ξενισμὸς
512 1251 655 1316 Ὀδυσσέως
677 1260 777 1325 γίνεται
799 1262 825 1309 ἐν
847 1258 884 1321 τῷ
902 1251 971 1327 άγρῷ
990 1256 1063 1327 παρά
1081 1250 1189 1326 Εὗμ-αίῳ
1211 1259 1246 1324 τῷ
1265 1253 1365 1327 συβώτη

417 1338 509 1395 αὐτοῦ.
529 1344 654 1410 διηγεῖται
672 1345 699 1394 δέ
717 1338 788 1409 αὐτῷ
804 1337 944 1402 Ὀδυσσεὺς
966 1342 1051 1395 πολλά
1070 1337 1088 1392 εἳ
1106 1347 1253 1405 πέπονθεν,
1276 1338 1367 1411 ἀγγέλ-

417 1429 467 1479 λων
485 1430 530 1479 καὶ
546 1428 594 1497 την
610 1422 753 1489 Ὀδυσσέως
770 1424 906 1481 ἐπάνοδον.

317 1550 352 1618 O.
404 1546 646 1641 Τηλεμάχου
668 1547 767 1642 πρὸς
789 1549 976 1639 Εὔμαιον
998 1547 1147 1643 ἄφιξις.

383 1676 533 1746 Τηλέμαχον
548 1676 651 1747 Ἀθηνᾶ
669 1675 732 1750 ὄναρ
751 1676 877 1732 ἐπιστᾶσα
900 1680 936 1737 είς
952 1672 1237 1746 Ἰθάκηνέπανελθεῖν
1254 1684 1366 1750 προτρέ-

418 1772 508 1815 πεται·
528 1757 559 1822 ὃς
577 1762 645 1835 διἰρα
664 1764 737 1835 παρά
755 1761 895 1817 Μενελάου
912 1762 997 1830 λαβολν
1014 1767 1154 1835 πέμπεται.
1178 1767 1223 1819 καὶ
1239 1768 1366 1836 ἐμβαίνειν

416 1850 512 1919 μέλλων
531 1852 567 1908 είς
584 1849 632 1917 τὴν
649 1848 712 1903 ναῦν
733 1846 909 1920 Θεοκλύμενον
931 1870 992 1903 τινα
1005 1848 1122 1920 Ἀργεῖον
1139 1846 1232 1920 μάντιν
1250 1845 1367 1920 άναλαμ,

417 1933 489 1999 βάνει
515 1937 557 1987 ἐπὶ
579 1932 650 2007 φάνη
675 1932 812 2007 φεύγοντα.
842 1938 886 1987 καὶ
908 1930 1025 2005 Εὔμαιος
1045 1930 1166 1989 Ὀδυσσεῖ
1188 1937 1312 2002 διηγεῖται
1334 1934 1367 1994 ὥς

417 2022 535 2079 Φοίνικες
557 2014 637 2074 αῧτόν
659 2018 808 2092 ληισάμευοι
831 2025 857 2073 ἐν
875 2024 976 2093 Συρίας
997 2017 1076 2083 νήσου
1099 2015 1227 2073 ἀπέδοντο
1250 2023 1366 2092 Λαέρτῃ.

417 2107 461 2156 καί
482 2103 499 2172 ἡ
518 2104 671 2176 Τηλεμάχου
694 2108 757 2165 ναῦς
779 2105 922 2173 κατάγεται
944 2109 980 2164 είς
1000 2100 1121 2172 Ἰθάκην,
1145 2107 1189 2155 καὶ
1209 2105 1309 2173 ταύτην
1330 2110 1367 2165 είς

372 2204 376 2211 “
417 2184 485 2243 ἄστυ
502 2186 666 2262 ἀποπέμψας
684 2186 765 2250 αὐτὸς
783 2191 849 2261 πρὸς
867 2186 985 2261 Εὔμαιον
1002 2194 1110 2262 ἔρχεται.

313 2328 358 2390 Π.
405 2323 722 2417 άναγνωρισμδς
741 2324 966 2410 Ὀδυσσέως
987 2322 1062 2394 ὑπὸ
1091 2324 1337 2413 Τηλεμάχου.

383 2463 529 2532 Τηλέμαχος
553 2462 621 2533 πρὸς
642 2457 760 2531 Εὔμαιον
782 2458 941 2532 ἀφικόμενος
963 2462 1011 2515 τὸν
1033 2467 1079 2531 μέν
1102 2456 1254 2531 άποπέμπει
1276 2457 1367 2529 άγγέλ-

416 2548 497 2597 λοντα
514 2544 547 2617 τῇ
566 2548 646 2616 μητρὶ
657 2545 805 2615 Πηνελόπῃ,
826 2540 906 2604 αὗτὸς
924 2548 950 2597 δέ
961 2551 1090 2615 γνωρίσας
1106 2546 1162 2597 τὸν»
1170 2552 1273 2617 πατέρα
1282 2547 1367 2616 Ἀθη-
1396 2552 1402 2568 ’

416 2632 462 2690 νᾶς
485 2636 631 2701 προαιρέσει
653 2629 699 2682 σὺν
722 2634 806 2696 ἐκείνῳ
830 2630 878 2696 την
901 2630 969 2681 κατὰ
987 2628 1038 2681 τῶν
1058 2626 1208 2699 μνηστήρων
1229 2634 1367 2701 ἐπιβουλὴν

417 2720 562 2768 σκέπτεται.
586 2719 630 2767 καὶ
652 2717 709 2783 νῆες
732 2712 892 2782 κατάγονται
914 2718 950 2774 είς
965 2709 1075 2782 Ἰθάκην
1095 2710 1113 2781 ἥ
1130 2733 1159 2765 τε
1180 2714 1230 2766 τοῦ
1249 2716 1367 2788 Τηλεμά-

415 2820 467 2866 χου
493 2802 604 2853 καὶτῶν
622 2797 865 2866 ἐπιβουλευσάντων.
894 2801 938 2851 καλ
959 2797 1023 2859 τούς
1044 2800 1192 2870 μνηστῆρας
1214 2798 1290 2855 πάλιν
1310 2809 1367 2858 ἐπι-

414 2893 509 2955 χειρεῖν
531 2884 567 2953 τῷ
591 2882 729 2954 Τηλεμάχῳ
753 2887 956 2955 διανοουμένους
982 2881 1104 2939 ἐκώλυσεν
1122 2885 1294 2957 Ἀμφίνομος.
1322 2894 1367 2943 καὶ

416 2965 533 3039 Εὔμαιος
555 2966 713 3040 άπαγγείλας
735 2970 768 3042 τῇ
787 2967 927 3042 Πηνελόπη
953 2971 988 3023 τά
1013 2973 1073 3042 περὶ
1092 2969 1244 3043 Τηλεμάχου
1265 2978 1302 3034 είς
1318 2974 1366 3028 τδν

417 3050 496 3126 ἆγρόν
514 3058 688 3127 ἐπανέρχεται.

314 3169 348 3233 Ρ.
400 3163 639 3253 Τηλεμάχου
661 3164 867 3245 ἐπάνοδος
887 3174 945 3245 είς
961 3164 1143 3249 Ἰθάκην.

381 3284 418 3339 είς
439 3278 487 3345 την
505 3276 579 3333 πάλιν
597 3280 680 3333 ἐλθὼν
699 3283 848 3351 Τηλέμαχος
866 3284 991 3350 διηγεῖται
1010 3280 1045 3351 τῇ
1063 3283 1144 3352 μητρί
1159 3279 1299 3356 Πηνελόπη
1318 3283 1365 3353 της

416 3360 567 3434 ἀποδημίας
589 3366 624 3419 τά
642 3367 777 3438 κεφάλαια.
801 3364 910 3439 ὕστερον
928 3370 955 3419 δέ
969 3362 1111 3427 Ὀδυσσεὺς
1132 3361 1227 3433 άχθελς
1245 3366 1297 3422 ὑπὸ
1315 3369 1366 3423 τοῦ

415 3445 537 3520 Εὗμαίου
556 3456 592 3512 είς
605 3448 715 3521 Ἰθάκην
733 3447 787 3531 άπὸ
805 3454 856 3505 τῶν
869 3446 951 3523 άγρῶν
970 3455 1006 3512 εἰς
1023 3451 1055 3504 τὸ
1075 3452 1218 3522 συμπόσιον
1232 3454 1282 3508 τῶν
1298 3478 1364 3527 μνη-

417 3536 515 3609 στήρων
539 3543 687 3611 εἰσέρχεται.
716 3536 730 3591 ὃ
755 3541 781 3591 δὲ
809 3537 876 3591 κάων
899 3534 1065 3609 άναγνωρίζει
1088 3539 1135 3594 τὸν
1159 3537 1293 3609 δεσπότην.
1320 3546 1365 3595 καὶ

415 3620 534 3695 Εὔμαιος
550 3629 596 3694 μὲν
609 3629 645 3685 είς
662 3624 724 3685 τούς
743 3619 841 3697 άγροὺς
857 3623 1025 3697 ὑποστρέφει,
1039 3620 1181 3686 Ὀδυσσεὺς
1199 3628 1225 3679 δὲ
1236 3630 1261 3678 ἐν
1273 3621 1365 3688 αὐτοῖς

414 3715 491 3780 μένει.

309 3810 356 3875 Σ.
400 3808 621 3904 Ὀδυσσέως
642 3816 709 3879 καὶ
725 3808 836 3899 Ἴρου
856 3810 1002 3899 πυγμή.

380 3930 515 3996 γενομένης
531 3924 615 3995 μάχης
630 3922 774 3987 Ὀδυσσέως
792 3912 860 3998 πρὸς
870 3927 958 3998 έτερον
976 3927 1081 3994 πτωχόν
1092 3923 1206 3980 ἐλθόντα
1225 3926 1290 3997 πρὸς
1301 3926 1365 3988 τοὺς

415 4010 574 4083 μνηστῆρας,
593 4012 732 4081 Πηνελόπη
750 4010 875 4083 λαμβάνει
893 4012 962 4084 δῶρα
981 4013 1053 4084 παρὰ
1073 4010 1124 4064 τὸν
1140 4008 1299 4082 μνηστήρων.
1322 4017 1365 4080 γί-

415 4118 488 4151 νεται
506 4100 534 4151 δέ
559 4102 605 4151 καί
623 4118 662 4157 τις
680 4102 829 4166 κοινολογία
848 4104 873 4153 ἐν
891 4107 947 4158 τοῖς
965 4097 1020 4164 ἐξῆς
1034 4094 1178 4157 ’Ὀδυσσέως
1196 4096 1262 4165 πρὸς
1278 4091 1364 4170 Εὖρά·

414 4204 507 4253 μαχον.
