3259 4917
342 498 396 555 ²86
723 498 962 555 ΟΔΥΣΣΕΙΑΣ
989 500 1014 553 Τ

286 655 328 722 19
344 658 465 742 δίφρον
487 650 651 734 έύξεστου,
673 656 729 720 καὶ
752 653 801 719 ἐπ’
817 652 906 738 αύτῷ
926 656 1014 730 κῶας
1035 655 1188 736 ἔβαλλεν·

343 760 431 823 ἔνθα
453 756 604 837 καθέζετ’
623 760 733 823 έπειτα
754 753 920 834 πολύτλας
940 760 1012 834 δῖος
1035 754 1217 835 Ὀδυσσεύς.

344 872 430 928 τοῖσι
452 862 486 926 δὲ
508 852 728 947 μύθωνήρχε
750 863 919 950 περίφρων
941 857 1164 940 Πηνελόπεια.

350 963 469 1044 «ξεῖνε,
490 958 529 1029 τό
551 968 612 1048 μέν
634 987 671 1031 σε
692 967 824 1051 πρῶτον
845 958 928 1047 έχάν
949 960 1124 1049 είρήσομαι
1146 961 1246 1043 αὐτή·

278 1083 326 1134 105
344 1072 393 1146 τίς
414 1064 526 1133 πόθεν
549 1063 593 1143 εἷς
615 1065 763 1150 ἀνδρείας
785 1064 880 1138 πόθι,
894 1091 947 1132 τοι
969 1063 1063 1144 πόλις
1084 1065 1142 1146 ἠδὲ
1163 1067 1318 1147 τοκῆεςς»

388 1167 449 1252 τήν
471 1168 500 1235 δ’
516 1168 781 1256 ἀπαμειβόμενος
801 1174 954 1259 προσέφη
976 1166 1156 1253 πολύμητις
1178 1167 1354 1246 Ὀδυσσεύς

351 1267 399 1341 «ὦ
421 1272 531 1359 χύναι,
554 1271 614 1340 οὐκ
636 1268 678 1338 ἀν
699 1276 750 1351 τίς
772 1295 808 1339 σε
830 1275 961 1359 βροτῶν
982 1270 1031 1337 ἐπ’
1051 1270 1212 1360 ἀπείρονα
1233 1282 1337 1357 χαῖον

344 1382 476 1444 νεικέοι·
500 1368 522 1457 ή
543 1375 607 1464 χάρ
631 1398 687 1442 σευ
708 1379 802 1453 κλέος
825 1371 969 1459 ούρανάν
991 1370 1086 1462 εὐρύν
1107 1371 1220 1452 ίκάνει,

346 1477 388 1557 ὥς
410 1485 444 1545 τέ
466 1504 521 1545 τευ
542 1475 563 1559 ή
586 1481 747 1562 βασιλῆος
769 1477 953 1564 ἀμύμονος,
975 1474 1012 1555 ὅς
1033 1502 1068 1543 τε
1090 1474 1235 1558 θεουδής

277 1598 327 1649 110
346 1578 506 1669 ἀνδράσιν
528 1588 563 1647 έν
584 1582 737 1648 πολλοῖσι
758 1584 814 1647 καὶ
835 1585 1031 1672 ίφθίμοισιν
1051 1579 1208 1659 ἀνάσσων
1232 1621 1235 1627 -
1328 1604 1333 1609 ’

346 1684 486 1762 εὐδικίας
508 1682 653 1775 ἀνέχῃσι,
676 1687 792 1775 φέρῃσι
815 1685 849 1749 δὲ
871 1696 953 1768 γαῖα
974 1687 1114 1768 μέλαινα

345 1783 467 1875 πυροὺς
488 1783 713 1875 καὶ·κριθάς,,
724 1789 867 1877 βρίθῃσι
888 1787 924 1853 δέ
946 1790 1082 1875 δένδρεα
1102 1788 1226 1873 καρπῷ,

345 1895 434 1983 τίκτῃ
457 1890 629 1976 δ”έμπεδα
651 1892 757 1977 μῆλα,
780 1887 945 1983 θάλασσα
967 1892 1002 1955 δὲ
1023 1896 1147 1982 παρέχῃ
1169 1893 1270 1976 ἰχθῦς

347 1994 381 2075 ἐξ
403 1993 586 2080 εὐηγεσίης,
608 1991 748 2078 ἀρετῶσι
769 1995 804 2059 δὲ
827 1996 904 2060 λαοὶ
924 1991 979 2059 ὑπ’
1000 1992 1121 2065 αὐτοῦ..

211 2176 214 2181 ,
278 2116 328 2168 115
347 2100 393 2183 τῷ
416 2100 470 2182 ἐμὲ
493 2100 552 2163 νῦν
573 2090 616 2161 τά
637 2098 697 2180 μὲν
719 2092 805 2161 ἀλλα
820 2092 975 2184 ’μετάλλα
997 2100 1047 2181 σῷ
1068 2100 1117 2163 ένὶ
1137 2096 1223 2183 οίκρ,

346 2200 424 2288 μηδ’
444 2196 524 2286 ἐμόν
546 2200 695 2288 ἐξερέεινε
717 2203 811 2283 γένος
832 2202 888 2266 καί
909 2202 1054 2283 πατρίδα
1076 2210 1185 2284 χαῖαν,

346 2302 393 2391 μή
415 2306 620 2395 μοιμάλλον
642 2297 757 2387 θυμὸν
780 2300 952 2396 ἐνιπλήσῃς
974 2301 1123 2371 ὀδυνάων

346 2414 560 2496 μνησαμένῳ·
582 2403 674 2501 μύλα
697 2404 728 2471 δ’
746 2409 810 2493 ελμὶ
831 2405 1043 2484 πολύστονος.
1073 2405 1148 2475 οὐδέ
1170 2413 1202 2473 τί
1222 2432 1263 2495 με
1282 2407 1349 2495 χρή

349 2512 425 2595 οίκῳ
448 2518 483 2577 έν
505 2509 667 2592 ἀλλοτρίῳ
689 2506 839 2593 χοόωντά
861 2533 895 2575 τε
916 2507 1104 2603 μυρόμενόν
1124 2535 1161 2576 τε

280 2633 330 2684 120
347 2608 475 2696 ἧσθαι,
497 2615 566 2677 ἐπεὶ
587 2608 702 2677 κάκιον
723 2609 934 2698 πενθήμεναι
954 2609 1089 2700 ἀκριτον
1110 2618 1190 2681 αίεί·

348 2713 395 2802 μή
416 2718 546 2798 τίς-μοι
568 2715 685 2799 δμωών
706 2712 932 2799 νεμεσήσεται,
952 2714 991 2796 ἀὲ
1013 2713 1054 2782 σύ
1075 2715 1105 2801 χ’
1125 2713 1218 2797 αὐτή,
1329 2771 1335 2777 .

349 2822 397 2912 φῇ
419 2820 453 2884 δέ
477 2812 696 2903 δακρυπλώειν
718 2814 910 2906 βεβαρηότα
931 2842 971 2902 με
994 2824 1118 2907 φρένας
1140 2818 1248 2903 οίνῳ.»

392 2916 503 2987 τόνδ’
522 2917 668 3005 ἠμείβετ’
687 2924 797 2987 ἔπειτα
818 2924 988 3011 περίφρων
1009 2920 1221 3002 Πηνελόπεια

356 3025 462 3107 «ξεῖν’,
482 3019 559 3107 ήτοι
580 3028 640 3110 μίν
662 3024 744 3111 ἐμήν
766 3021 888 3112 ἀρετήν
908 3022 994 3101 εἶδός
1014 3031 1050 3090 τε
1072 3027 1173 3110 δέμας
1194 3049 1228 3091 τε

281 3148 331 3198 125
351 3126 477 3196 ἀλεσαν
499 3125 687 3207 ἀθάνατοι,
709 3126 763 3195 ὅτε
779 3126 882 3198 Ἴλιον
904 3130 1130 3211 είσανέβαινον

346 3232 499 3317 Ἀργεῖοι,
521 3225 604 3313 μετά
621 3240 713 3295 ,τοῖσι
735 3230 763 3295 δ’
783 3228 862 3317 ἐμός
882 3227 979 3307 πόσις
999 3222 1055 3316 ᾖεν
1079 3227 1258 3307 Ὀδυσσεύς.

351 3340 377 3399 εί
399 3326 504 3407 κεῖνός
525 3329 556 3415 χ’
576 3328 687 3397 έλθιδν
709 3329 768 3398 τὸν
790 3331 871 3418 ἐμὸν
891 3336 968 3415 βίον
991 3331 1219 3424 ἀμφιπολεύοι,

349 3432 461 3524 μεῖζόν
482 3459 516 3502 κε
538 3436 630 3509 κλέος
653 3433 700 3515 είη
723 3431 804 3522 ἐμόν
825 3438 882 3502 καὶ
903 3436 1037 3503 κάλλισν
1059 3434 1170 3513 ούτως.

350 3545 409 3607 νῦν
432 3536 461 3606 δ’
478 3532 617 3624 ἀχομαι·
640 3534 724 3603 τόσα
746 3536 810 3623 χάρ
832 3538 891 3625 μοι
912 3544 1081 3606 ἐπέσσευεν
1101 3533 1187 3606 κακά
1208 3540 1347 3625 δαίμων.

282 3663 333 3715 134
350 3646 397 3726 τῷ
420 3638 492 3709 ούτε
515 3642 628 3722 ξείνων
651 3639 838 3729 ἐμπάζομαι
859 3639 939 3710 οὔθ’
959 3640 1110 3709 ίκετάων

388 3820 438 3871 130
457 3817 531 3872 ὅσσοι
548 3820 597 3890 χάρ
617 3816 729 3889 νήσοισιν
748 3826 941 3891 ἐπικρατέουσιν
959 3816 1070 3891 ἀριστσι,

363 3972 364 3977 χ
457 3903 584 3971 Δουλιχίῳ
603 3926 631 3957 τε
651 3902 728 3976 Σάμῃ
748 3927 776 3959 τε
796 3909 840 3957 καὶ
857 3904 958 3975 ὑλήεντι
975 3907 1115 3972 Ζακύνθῳ,

458 3990 486 4039 οί
500 3984 528 4039 τ’
542 3986 624 4066 αἰπήν
638 3986 748 4059 Ἷθάκην
766 3986 893 4044 εὗδείελσν
912 3989 1108 4063 ἀμφινέμονται,

458 4074 486 4125 οί
500 4070 532 4143 μ’
546 4069 717 4143 ἀεκαζομένην
734 4075 859 4144 μνῶνται,
875 4075 1000 4147 τρύχουσι
1018 4080 1045 4130 δὲ
1063 4080 1144 4131 οἶκον.
1189 4086 1193 4089 ’
1243 4095 1246 4100 ⁴
1343 4102 1349 4110 ⁴
