3259 4917
334 500 370 557 ’ίΒ
719 498 959 557 ΟΔΥΣΣΕΙΑΣ
985 502 1009 555 E

285 659 306 725 5
333 652 494 747 ἀσπετον;
517 654 592 723 οδδέ
613 680 664 735 τις
683 653 762 755 ἀγγι
783 658 914 743 βροτῶν
935 653 1044 736 πόλις,
1066 660 1103 723 οῖ
1121 681 1157 724 τε
1179 660 1313 727 θεοῖσιν

333 756 406 848 ίερά
427 783 462 826 τε
484 760 612 845 ῥέζουσι
632 764 690 827 καὶ
715 758 863 841 ἐξαίτους
883 756 1081 846 ἑκατόμβας.

333 858 420 929 ἀλλά
440 860 519 949 μάλ’
540 859 581 931 οίί
600 888 670 943 πως
691 867 761 933 έστι
782 860 860 941 Διὸς
880 859 963 931 νόον
983 859 1163 949 αἰγιόχοιο-

334 960 407 1033 οότε
429 965 648 1054 παρεξελθεῖν
669 964 773 1035 ἀλλον
794 963 882 1035 θεόν
904 961 985 1035 οὔθ’
1002 964 1153 1033 ἁλιῶσαι

264 1088 315 1140 105
334 1072 419 1162 φησί
438 1094 492 1136 τοι
512 1065 620 1158 ἀνδρα
640 1079 796 1158 παρεῖναι
818 1066 1037 1158 ὀιζυρώτατον
1058 1066 1178 1149 ἀλλων,

274 1231 277 1239 ,
332 1176 397 1240 τῶν
419 1171 552 1262 ἀνδρῶν
574 1175 607 1241 οἳ
630 1169 713 1241 ἀστυ
735 1179 808 1264 πέρι
831 1170 1004 1261 Πριάμοιο
1025 1169 1173 1259 μάχοντο

332 1272 485 1358 εἰνάετες,
508 1274 632 1363 δεκάτῳ
655 1280 689 1345 δέ
710 1275 808 1345 πόλιν
829 1281 1009 1366 πέρσαντες
1029 1279 1157 1361 έβησαν

331 1378 452 1446 οἴκαδ’·
474 1374 560 1469 ἀτάρ
584 1387 619 1448 ὲν
640 1376 748 1467 νόστῳ
768 1381 956 1463 Ἀθηναίην
976 1378 1143 1460 ἀλίτοντο,

331 1480 354 1567 ἦ
377 1506 458 1577 σφιν
480 1483 599 1575 έπάρσ’
617 1479 742 1571 ἀνεμόν
761 1509 797 1553 τε
818 1478 922 1552 κακόν
943 1484 1001 1549 καὶ
1020 1479 1151 1570 κύματα
1171 1480 1292 1572 μακρά.

264 1599 314 1653 112
332 1582 392 1653 τόν
413 1589 474 1655 νῦν
496 1584 527 1654 σ’
546 1584 683 1671 ἠνώγειν
704 1587 939 1676 ἀποπεμπέμεν
960 1582 1032 1654 όττι
1052 1583 1208 1674 τάχιστα·

332 1688 373 1758 οὐ
394 1688 458 1781 γάρ
482 1694 514 1759 οἱ
536 1690 605 1783 τῇδ’
624 1687 704 1759 αἶσα
725 1697 834 1787 φίλων
859 1685 1050 1782 ἀπονόσφιν
1071 1687 1224 1769 ὀλέσθαι,
1337 1730 1341 1738 .

332 1791 405 1860 ἀλλ’
425 1798 472 1861 έτι
494 1799 526 1862 οί
547 1793 637 1885 μοῖρ’
656 1800 734 1879 ἐστὶ,
748 1800 866 1890 φίλους
885 1795 916 1863 τ’
936 1798 1032 1864 ίδέειν
1053 1797 1111 1861 καὶ
1131 1797 1281 1861 ἱκέσθαι,

263 1912 313 1964 115
332 1895 423 1965 οἶκον
444 1902 481 1975 ἐς
498 1895 676 1991 ὑψόροφον
697 1904 755 1968 καὶ
775 1896 834 1982 ἐίγν
855 1907 890 1977 ἐς
909 1900 1055 1988 πατρίδα
1076 1908 1210 1984 γαῖαν.»

375 1996 419 2078 ἀς
441 1998 545 2090 φάτο,
567 2004 702 2091 ῥίγησεν
724 2006 759 2071 δὲ
780 1997 934 2095 Καλυφά
956 2006 1014 2071 δῖα
1034 2000 1160 2082 θεάων,

330 2106 465 2189 καίμιν
487 2101 659 2196 φωνήσασ’
678 2110 757 2173 έπεα
777 2106 959 2198 πτερόεντα
978 2104 1162 2197 προσηύδα.

79 2148 83 2273 λ
337 2210 501 2294 «σχέτλιοί
522 2213 608 2290 ἐστε,
630 2212 727 2291 θεοί,
748 2206 929 2298 ζηλήμονες
948 2210 1064 2298 έξοχον
1084 2206 1223 2290 ἀλλων,
1256 2270 1280 2278 ,,

331 2315 368 2378 οί
386 2336 420 2378 τε
442 2314 543 2390 θεαῖς
564 2309 723 2399 ἀγάασθε
744 2313 825 2404 παρ’
844 2312 1006 2405 ἀνδράσιν
1027 2310 1228 2394 εὐνάζεσθαι

164 2458 171 2489 a
262 2430 313 2482 120
331 2412 521 2505 ἀμφαδίην,
543 2412 585 2498 ἥν
607 2422 657 2497 τίς
679 2444 713 2485 τε
733 2408 837 2508 φίλον
857 2414 1006 2507 ποιήσετ’
1023 2415 1168 2499 ἀκοίτην.

331 2514 374 2593 ὣς
394 2520 455 2603 μὲν
478 2516 527 2585 ὅτ’
542 2519 673 2609 Ὠρίων’
693 2525 781 2589 ἕλετο
803 2518 1045 2610 ῥοδοδάκτυλος
1065 2518 1154 2603 ἠίός,
1224 2554 1231 2565 ·

328 2618 441 2713 τόφρα
463 2626 495 2688 οἱ
516 2621 675 2707 ἠγάασθε
697 2628 777 2692 θεοὶ
798 2628 873 2713 ῥεῖα
890 2622 1040 2705 ζώοντες,

330 2730 389 2803 ἕως
409 2747 469 2811 μιν
488 2732 524 2793 έν
542 2726 700 2822 Ὀρτυγίῃ
709 2726 944 2819 χρυσόθρονος
963 2722 1109 2817 Ἄρτεμις
1130 2724 1217 2813 ἀγνή

330 2823 380 2905 οἷς
403 2825 542 2913 ἀγανοῖς
562 2833 728 2917 βελέεσσιν
749 2836 944 2919 ἐποιχομένη
965 2835 1176 2922 κατέπεφνεν.

261 2948 312 2999 125
331 2926 375 3008 ὣς
397 2929 427 2997 δ’
448 2930 542 3001 ὁπότ’
557 2932 701 3007 Ἰασίωνι
721 2933 930 3023 ἐυπλόκαμος
948 2931 1116 3023 Δημήτηρ,

329 3026 356 3120 ᾧ
378 3038 480 3123 θυμῷ
501 3036 632 3120 είξασα,
653 3042 733 3126 μίγη
756 3036 910 3131 φιλότητι
928 3041 987 3105 καὶ
1008 3036 1084 3130 εὐνῇ

328 3140 405 3225 νειῷ
425 3143 473 3207 ένι
494 3140 651 3232 τριπόλῳ·
678 3142 752 3213 οὐδὲ
775 3140 837 3224 δὴν
857 3132 916 3225 ἦεν
937 3138 1085 3220 ἀπυστος
1180 3161 1184 3167 ’

329 3240 425 3323 Ζεύς,
448 3240 484 3321 ὅς
505 3268 562 3331 μιν
583 3252 764 3336 κατέπεφνε
785 3241 900 3331 βαλυλν
921 3244 1041 3334 ἀργῆτι
1061 3244 1217 3333 κεραυνῷ.
1272 3295 1275 3298 -

330 3341 372 3423 ἀς
394 3344 424 3411 δ’
441 3336 485 3414 αὖ
505 3350 565 3414 νῦν
585 3373 643 3435 μοι
665 3348 814 3435 ἀγάσθε,
837 3352 931 3429 θεοί,
953 3345 1077 3437 βροτόν
1092 3344 1199 3436 ἀνδρα
1216 3354 1380 3436 παρεῖναι.

261 3465 312 3518 130
328 3444 388 3516 τόν
409 3453 469 3537 μὲν
491 3446 573 3537 ἐγάν
594 3448 728 3518 ἐσάωσα
748 3454 823 3542 περὶ
843 3448 980 3540 τρόπιος
1000 3454 1156 3537 βεβαῶτα

330 3552 414 3634 οῖον,
437 3558 507 3621 ἐπεί
528 3556 647 3637 οἱνῆα
668 3550 762 3637 θοὴν
783 3554 905 3643 ἀργῆτι
923 3558 1072 3645 κεραυνῷ

328 3652 410 3735 Ζεὺς
431 3661 528 3737 έλσας
549 3662 681 3726 ἐκέασσε
703 3663 792 3746 μέσον
814 3663 863 3729 ἐνὶ
885 3660 995 3727 οίνοπι
1014 3656 1135 3745 πόντφ.

328 3784 526 3797 -n-—n——n-

365 3835 416 3888 110
434 3834 492 3889 {1¹8³
507 3835 581 3891 ἄλλοι
597 3842 643 3909 μέν
661 3838 758 3899 πάντες
775 3834 931 3911 ἀπέφθιθεν
944 3830 1042 3893 ’ἐσθλοὶ
1059 3842 1167 3908 ἑταῖροι,

431 3920 479 3974 τὸν
497 3918 524 3975 δ’
538 3920 589 3996 ἄρα
608 3920 679 3997 δεῦρ’
692 3920 787 3996 ἄνεμός
804 3944 834 3978 τε
853 3929 937 3997 φέρειν
953 3927 1001 3977 καί
1017 3922 1090 3994 κῦμα
1107 3926 1239 3977 πέλασσεν.

365 4006 414 4060 133
433 4002 492 4059 ἔνθ’
506 4004 580 4063 ἄλλοι
595 4013 642 4081 μέν
660 4009 756 4071 πάντες
773 4006 930 4082 ἀπέφθιθεν
947 4012 1042 4064 ίοθλολ
1058 4012 1170 4080 ἑταῖροι,
1212 4069 1215 4075 ,

432 4091 479 4146 τὸν
497 4088 523 4147 δ’
537 4090 590 4166 ἀρα
607 4092 679 4170 δεῦρ’
693 4092 788 4167 ἀνεμός
806 4116 836 4151 τε
856 4100 940 4168 φέρον
957 4098 1002 4148 καί
1018 4092 1088 4168 κῦμα
1105 4096 1239 4148 πέλασσεν.
1297 4144 1300 4150 ,
