3259 4917
351 505 387 561 θλ
736 503 973 561 ΟΔΥΣΣΕΙΑΣ
1001 509 1022 561 Δ

302 662 324 727 1
349 658 459 727 πάντα
482 663 517 728 δέ
538 685 592 728 τοι
612 665 690 751 ἐρέω
713 658 863 753 ὀλοφώια
887 675 959 733 τοῖο
981 668 1146 751 γέροντος.

280 777 330 829 111
352 762 464 855 φώκας
485 769 618 850 μέντοι
639 768 771 854 πρῶτον
792 763 977 854 ἀριθμήσει
997 769 1213 834 καὶέπεισιν·

350 863 457 958 αὐτὰρ
480 864 694 951 ἐπήνιπάσας
712 868 942 958 πεμπάσσεται
963 868 1020 951 ήδέ
1041 868 1161 950 ίδηται,

351 972 477 1053 λέξεται
497 980 533 1040 έν
554 977 712 1069 μέσσῃσι,Ι
727 968 846 1060 νομεὺς
865 969 911 1051 ἀς
931 969 1041 1041 πιόεσι·
1053 969 1177 1058 μήλων.

349 1071 408 1143 τόν
430 1080 490 1162 μέν
512 1072 594 1159 ἐπήν
616 1074 657 1158 δή
678 1068 793 1164 πράτα
814 1079 1066 1158 κατευνηθέντα
1086 1075 1217 1157 ίδησθε,

279 1191 331 1241 115
349 1182 406 1246 καὶ
427 1177 496 1247 τότ’
516 1179 622 1247 ἔπειθ’
642 1179 720 1268 ὑμῖν
740 1183 863 1266 μελέτω
883 1177 1005 1267 κάρτος
1025 1204 1060 1247 τε
1082 1182 1141 1265 βίη
1162 1204 1207 1261 τε,

350 1274 436 1353 αὖθι
458 1282 487 1349 δ’
503 1288 586 1369 ἐχειν
606 1288 765 1371 μεμαῶτα
785 1287 844 1350 καὶ
863 1280 1043 1369 ἐσσύμενόν
1064 1306 1125 1371 περ
1147 1278 1277 1364 ἀλύξαι.

349 1383 460 1453 πάντα
482 1389 516 1455 δέ
538 1385 731 1474 γιγνόμενος
750 1384 954 1475 πειρήσεται,
976 1384 1050 1455 όσσ’
1071 1390 1125 1453 ἐπὶ
1145 1395 1247 1472 γαῖαν

349 1485 469 1577 ἐρπετά
492 1494 675 1576 γίγνονται,
697 1493 754 1563 καὶ
773 1487 862 1576 ὕδωρ
883 1492 941 1556 καὶ
961 1492 1143 1567 θεσπιδαὲς
1163 1491 1245 1578 πῦρ·

347 1593 491 1677 ὑμεῖς.’δ’
507 1594 699 1685 ἀστεμφέως
720 1598 832 1681 ἐχέμεν
853 1589 982 1681 μᾶλλόν
1004 1618 1039 1659 τε
1060 1595 1187 1673 πιέζειν.
1216 1609 1222 1615 ’
1266 1675 1269 1680 1

278 1708 331 1763 120
349 1696 422 1763 ἀλλ’
443 1695 496 1765 ότε
518 1722 573 1769 κεν
595 1695 637 1779 δή
660 1696 691 1765 σ’
712 1692 812 1774 αὐτὸς
834 1696 1007 1786 ἀνείρηται
1027 1702 1183 1776 ἐπέεσσιν,

348 1810 438 1879 τοῖος
458 1796 521 1869 ἐιδν
543 1798 616 1883 ρίόν
636 1825 672 1868 κε
692 1803 941 1881 κατευνηθέντα
961 1799 1093 1882 ίδησθε,

348 1908 404 1970 καὶ
425 1901 499 1971 τότε
515 1901 562 1986 δή
585 1908 732 1991 σχέσθαι
751 1929 786 1971 τε
807 1907 885 1989 βίης
905 1906 1005 1971 λῦσαί
1025 1926 1061 1969 τε
1082 1909 1230 1991 γέροντα,

215 2082 224 2095 Ι
348 2004 449 2091 ήρως,
472 2008 625 2093 ε’ίρεσθαι
645 2010 695 2087 δέ,
717 2010 811 2073 θεῶν
833 2005 871 2084 ός
892 2011 943 2084 τίς
964 2028 1001 2074 σε
1019 2010 1183 2093 χαλέπτει,

348 2107 469 2177 νόστον
491 2112 539 2191 θ’,
562 2110 605 2190 ὡς
627 2106 826 2177 ἐπὶπόντου
847 2106 993 2177 ἐλεύσεαι
1013 2106 1218 2197 ἰχθυόεντα.»

277 2230 330 2283 125
393 2209 437 2292 ὣς
458 2213 581 2283 είπεῦσ’
604 2211 668 2283 ὑπὸ
690 2210 814 2280 πόντον
836 2210 967 2281 ἐδύσετο
988 2217 1201 2301 κυμαίνοντα.

349 2311 458 2403 αὐτάρ
477 2314 559 2403 ἐμόν
581 2322 635 2389 ἐπὶ
655 2321 753 2400 νῆας,
775 2313 836 2383 ὅθ’
857 2324 1001 2387 ἐστασαν
1023 2325 1059 2385 ἐν
1078 2314 1305 2405 ψαμάθοισιν,

347 2418 420 2505 ήια·
443 2417 550 2489 πολλά
573 2425 608 2491 δέ
630 2448 688 2509 μοι
708 2423 826 2510 κραδίη
847 2418 996 2514 πόρφυρε
1018 2412 1130 2488 κιόντι.

348 2522 454 2615 αίπάρ
476 2531 546 2595 ἐπεί
567 2527 598 2614 ῥ’
619 2530 672 2595 ἐπὶ
694 2529 760 2607 νῆα
781 2522 976 2605 κατήλυθον
996 2522 1056 2606 ήδέ
1076 2523 1269 2604 θάλασσαν,

349 2629 474 2717 δόρπον
496 2630 536 2697 θ’
556 2628 787 2721 ὁπλισάμεσθ’,
810 2632 864 2695 ἐπί
884 2628 914 2694 τ’
933 2624 1062 2711 ήλυθεν
1083 2626 1251 2716 ἀμβροσίη
1273 2624 1348 2707 νύξ·

277 2746 330 2798 130
349 2728 390 2815 δή
412 2730 486 2800 τότε
508 2730 719 2821 κοιμήθημεν
741 2737 794 2801 ἐπὶ
816 2736 950 2822 ῥηγμῖνι
970 2729 1160 2814 θαλάσσης.

347 2829 433 2923 ήμος
454 2836 486 2903 δ’
506 2836 670 2925 ήριγένεια
691 2835 787 2929 φάνη.
805 2834 1048 2926 ῥοδοδάκτυλος
1066 2834 1143 2929 ήώς,
1266 2836 1273 2846 '

347 2944 404 3007 καὶ
425 2938 499 3008 τότε
523 2937 564 3023 δή
585 2937 785 3033 παράθῖιεα
806 2936 988 3022 θαλάσσης
1009 2937 1202 3029 εὐρυπόροιο

346 3040 406 3127 ήια
427 3041 535 3114 πολλά
555 3042 659 3124 θεοὺς
680 3042 912 3132 γουνούμενος·
934 3039 1040 3133 αὐτὰρ
1062 3047 1212 3132 ἐταίρους

346 3157 433 3235 τρεῖς
454 3144 552 3235 ἀχον,
575 3148 640 3219 οἶσι
662 3148 808 3236 μάλιστα
828 3150 998 3215 πεποίθεα
1017 3150 1132 3217 πᾶσαν
1154 3145 1204 3212 ἐπ’
1224 3142 1314 3213 λθόν.

276 3265 328 3318 135
347 3250 459 3342 τόφρα
481 3251 510 3318 δ’
530 3246 583 3341 ἀρ’
603 3248 626 3332 ή
648 3251 678 3337 y'
698 3251 849 3341 ὑποδῦσα
870 3247 1050 3331 θαλάσσης
1072 3249 1167 3338 εὐρέα
1188 3246 1314 3316 κόλπον

346 3358 492 3441 τέσσαρα
515 3351 658 3443 φωκάων
680 3362 715 3423 ἐκ
736 3353 863 3421 πόντου
881 3352 1015 3444 δέρματ’
1034 3357 1167 3421 ένεικεν·

346 3450 458 3525 πάντα
480 3456 509 3523 δ’
526 3460 606 3523 έσαν
627 3448 806 3547 νεόδαρτα·
829 3454 932 3525 δόλον
952 3456 981 3524 δ’
997 3452 1174 3543 ἐπεμήδετο
1195 3458 1307 3543 πατρί.

348 3557 443 3639 εὐνάς
465 3559 496 3627 δ’
512 3567 549 3628 ἐν
568 3557 775 3649 ψαμάθοισι,
789 3558 995 3652 διαχλάψασ’
1013 3559 1146 3652 ἀλίησιν

346 3656 429 3744 ήστο
452 3661 599 3750 μένουσ·
617 3664 717 3753 ήμεῖς
737 3666 777 3732 δέ
794 3662 893 3751 μάλα.
908 3658 1027 3750 σχεδόν
1046 3658 1202 3748 ήλθομεν
1224 3660 1342 3743 αὐτῆς·
1409 3754 1419 3775 χ

172 3832 178 3841 ,
276 3780 329 3835 110
347 3765 450 3847 έξείης
471 3766 499 3833 δ’
517 3762 645 3849 εὔνησε,
668 3765 772 3854 βάλεν
794 3766 824 3833 δ’
839 3770 893 3833 ἐπὶ
915 3769 1020 3854 δέρμα
1041 3762 1179 3851 έκάστφ.

347 3872 435 3935 ένθα
456 3893 511 3935 κεν
533 3870 709 3951 ολνότατος
730 3868 829 3957 λόχος
850 3872 980 3937 ἔπλετο·
1007 3880 1093 3957 τεῖρε
1114 3864 1181 3957 γάρ
1200 3871 1301 3947 αένὸέ

347 3968 490 4064 φωκάων
510 3972 732 4064 ἁλιοτρεφέων
753 3970 938 4051 ὀλοώτατος
959 3969 1062 4058 ὀδμή·

346 4079 395 4153 τίς
416 4072 481 4165 γάρ
504 4076 533 4144 κ’
553 4081 684 4163 εέναλίφ
704 4072 796 4165 παρά
819 4073 911 4159 κήτεϊ
930 4076 1111 4163 κοιμηθείη
1119 4102 1136 4157 3-
