3259 4917
738 411 976 467 ΟΔΥΣΣΕΙΑΣ
1005 414 1030 464 11

301 570 344 635 16
359 564 475 635 τόσσοι
495 568 609 655 μητέρ’
628 563 719 652 ἐμὴν,
731 571 894 652 μνῶνται,
916 563 1069 653 τρύχουσι
1090 568 1126 631 δέ
1147 564 1250 633 οἶκον.
1314 613 1318 621 -

292 684 342 735 126
359 670 380 750 ἡ
405 669 434 734 δ’
451 668 520 736 οὔτ’
539 669 686 755 ἀρνεῖται
709 664 865 756 στυγερὸν
886 663 996 753 γοίμον
1018 664 1093 742 οὔτε
1115 667 1268 751 τελευτήν

359 774 496 853 ποιῆσαι
519 768 671 838 δύναται·
698 774 750 837 τοὶ
773 774 807 837 δὲ
830 764 1064 860 φθινύθουσιν
1083 755 1214 850 Ιίδοντες

360 871 452 941 οἶκον
473 872 567 959 ἐμόν·
592 871 677 961 τάχα
700 870 740 954 δή
763 898 803 958 με
826 875 1056 960 διαρραίσουσι
1076 866 1134 940 καὶ
1155 872 1268 943 αὐτόν.

291 1048 293 1053 ,
361 977 436 1043 ἀλλ’
454 973 530 1058 ἦτοι
550 981 610 1062 μὲν
632 981 736 1043 ταῦτα
759 978 852 1045 θεῶν
877 983 913 1041 έν
934 973 1073 1061 γούνασι
1093 988 1213 1047 κεῖται·

293 1092 343 1144 130
362 1075 460 1159 ἀττα,
484 1075 524 1147 σύ
546 1080 575 1146 δ’
595 1086 684 1166 έρχεο
708 1081 859 1158 θᾶσσον,
880 1084 1034 1167 ἐχέφρονι
1056 1082 1265 1171 Πηνελοπείῃ
1308 1131 1312 1137 .

362 1182 429 1274 εἴφ’
448 1179 500 1249 ὅτι
522 1188 554 1249 οἱ
577 1188 641 1260 σῶς
664 1186 727 1267 είμὶ
749 1185 804 1247 καὶ
827 1188 862 1247 ἐκ
884 1179 1003 1253 Πύλου
1024 1178 1217 1261 είλήλουθα.

362 1282 466 1373 αύτάρ
490 1280 571 1369 ὲγόυ
594 1284 696 1355 αὐτοῦ
717 1290 834 1369 μενέω,
858 1279 900 1373 σίι
921 1284 955 1349 δέ
978 1286 1075 1371 δεῦρο
1096 1288 1249 1365 νέεσθαιΙ
1320 1335 1323 1343 .

363 1388 413 1479 οίμ
436 1386 645 1472 ἀπαγγείλας.
674 1391 740 1453 τῶν
763 1386 791 1452 δ’
810 1382 920 1453 ἀλλων
941 1384 989 1471 μή
1010 1411 1060 1465 τις
1079 1386 1216 1472 Ἀχαιῶν

246 1498 251 1509 ’
362 1490 562 1555 πευθέσθω·
584 1492 701 1555 πολλοὶ
723 1484 788 1575 γάρ
810 1491 883 1574 ἐμοὶ
905 1484 991 1555 κακά
1012 1486 1278 1576 μηχανόωνται.»

295 1602 344 1653 135
408 1585 467 1656 τόν
489 1588 519 1655 δ’
535 1586 800 1677 ἀπαμειβόμενος
821 1598 1007 1683 προσέφης,
1029 1586 1322 1678 Εόμαιεσυβῶτα,

370 1689 573 1778 «γιγνώσκω,
596 1698 741 1784 φρονέω·
763 1692 805 1759 τά
827 1718 863 1778 γε
880 1690 927 1773 δὴ
948 1698 1078 1760 νοέοντι
1100 1691 1244 1771 κελεύεις.

364 1794 438 1861 ἀλλ’
458 1790 524 1881 ἀγε
539 1820 598 1881 μοι
615 1793 694 1861 τόδε
717 1800 783 1863 είπὲ
802 1800 861 1863 καὶ
882 1795 1040 1884 ἀτρεκέως
1061 1792 1251 1877 κατάλεξοιε

364 1894 386 1979 ἢ
407 1901 463 1983 καὶ
484 1895 621 1989 Λαέρτῃ
644 1894 747 1979 αὐτὴν
769 1894 851 1966 ὀδόν
876 1896 1015 1984 ἀγγελος
1037 1900 1128 1964 έλθω
1251 1981 1253 1986 Α

364 1999 531 2091 δυσμόρῳ,
554 1996 591 2077 ὃς
613 2005 705 2079 τείως
725 2005 785 2085 μὲν
804 2000 985 2081 Ὀδυσσῆος
1002 2001 1079 2087 μέγ’
1099 1998 1223 2086 ἀχεύων

297 2118 347 2169 110
366 2108 445 2193 ἔργα
465 2104 497 2170 τ’
517 2100 743 2183 ἐποπτεύεσκε,
764 2100 848 2189 μετά
870 2100 987 2188 δμώων
1007 2104 1040 2169 τ’
1059 2107 1106 2198 ἐνὶ
1130 2103 1206 2188 οἴκῳ
1238 2149 1240 2154 ·

365 2216 438 2273 πῖνε
460 2210 518 2275 καὶ
539 2198 629 2287 ἦσθ’,
652 2204 706 2277 ὅτε
730 2202 842 2295 θυμός
863 2209 912 2273 ένί
934 2203 1278 2291 στήθεσσινιάνείγοι·
1310 2220 1315 2224 ’
1342 2199 1347 2206 ’

367 2306 566 2397 αότάρνύν,
590 2308 624 2389 ἐξ
647 2302 686 2376 οὗ
709 2307 806 2395 σύγε
830 2305 911 2396 ρ’ίχεο
934 2313 989 2389 νηὶ
1012 2306 1173 2388 Πύλονδε,

367 2408 406 2479 ού
423 2410 477 2479 πό
501 2416 559 2498 μέν
581 2434 686 2501 φασιν
709 2417 857 2501 φαγέμεν
878 2416 934 2478 καὶ
955 2415 1068 2497 πιέμεν
1090 2408 1204 2489 οὕτως,
1284 2482 1288 2485 ,

369 2514 440 2581 οόδ’
459 2517 513 2587 ἐπὶ
535 2518 615 2602 ἔργα
637 2516 731 2594 ἰδεῖν,
754 2512 840 2581 ἀλλά
863 2518 1006 2606 στοναχῇ
1026 2539 1062 2581 τε
1083 2512 1151 2599 γόῳ
1165 2538 1223 2602 τε·

299 2630 348 2681 145
367 2610 468 2698 ἧσται
489 2610 700 2700 ὀδυρόμενος,
723 2614 891 2707 φθινύθει
912 2618 942 2683 δ’
957 2618 1044 2710 ἀμφ’
1064 2614 1201 2707 ὀστεόφι
1218 2612 1338 2704 χρώς.»

363 2796 365 2807 Α
411 2716 470 2785 τόν
492 2717 522 2784 δ’
543 2708 586 2783 αὖ
614 2720 804 2805 Τηλέμαχος
825 2728 1026 2808 πεπνυμένος
1047 2720 1163 2787 ἀντίον
1183 2714 1268 2801 ηύδα

375 2817 525 2908 «ἀλγιον,
548 2818 622 2887 ἀλλ’
641 2824 743 2906 έμπης
765 2846 822 2907 μιν
844 2821 999 2911 ἐάσομεν,
1023 2821 1199 2909 ἀχνύμενοί
1219 2843 1296 2905 περ·
1323 2866 1327 2873 -
1362 2812 1366 2818 ’

368 2932 396 2991 εί
417 2922 480 3011 γάρ
504 2948 572 3000 πως
595 2923 643 3004 εἴη
666 2920 852 3012 αὐτάγρετα
872 2923 1182 3013 πάνταβροτοῖσιν,
1246 2963 1249 2970 =

368 3025 499 3118 πρῶτόν
520 3049 575 3094 κεν
598 3030 657 3094 τοῦ
678 3023 803 3117 πατρὸς
824 3032 989 3114 ἑλοίμεθα
1010 3027 1168 3116 νόστιμον
1189 3019 1290 3112 ἦμαρ.

301 3148 351 3199 150
369 3127 457 3197 ἀλλά
478 3127 519 3223 σύ
540 3130 573 3215 γ’
592 3129 746 3215 ἀγγείλας
768 3128 873 3198 ὀπίσω
895 3136 958 3211 κίε,
979 3136 1062 3217 μηδὲ
1082 3132 1156 3197 κατ’
1174 3126 1302 3217 ἀγρούς,
1332 3181 1360 3192 .,

368 3229 558 3311 πλάζεσθαι
578 3232 650 3315 μετ’
669 3231 807 3298 ἐκεῖνον·
830 3225 917 3322 ἀτάρ
938 3232 1021 3323 πρός
1041 3241 1167 3322 μητέρα
1188 3242 1290 3299 εἰπεῖν

369 3332 561 3423 ἀμφίπολον
583 3336 705 3417 ταμίην
728 3333 903 3421 ὀτρυνέμεν
924 3333 997 3402 ὅττι
1017 3326 1155 3425 τάχιστα

290 3426 297 3441 ’
369 3432 531 3524 κρύβδην·
553 3433 728 3523 κείνηγοίρ
749 3460 806 3500 κεν
829 3434 1033 3523 ἀπαγγείλειε
1055 3438 1213 3531 γέροντι.»
1256 3490 1259 3495 .

305 3590 309 3604 .
413 3529 436 3619 ἦ
458 3540 516 3625 ῥα,
539 3541 594 3604 καὶ
615 3528 698 3624 ὦρσε
721 3537 909 3630 συφορβόν·
933 3540 953 3607 ὀ
975 3540 1006 3607 δ’
1021 3546 1124 3608 είλετο
1144 3544 1240 3630 χερσί
1257 3538 1384 3621 πέδιλα,

302 3659 351 3709 155
367 3638 553 3727 δησάμενος
570 3639 606 3709 δ’
625 3636 688 3708 ὑπό
711 3646 811 3709 ποσσὶ
834 3640 963 3711 πόλινδ’
982 3644 1038 3711 ίεν.
1069 3643 1141 3729 οόδ’
1158 3640 1216 3733 ἀρ’
1232 3642 1383 3726 Ἀθήνην

370 3746 478 3825 λῆθεν
501 3740 567 3811 ἀπὸ
591 3747 762 3829 σταθμοῖο
784 3742 863 3812 κιὼν
884 3743 1032 3833 Ἐὔμαιος
1052 3745 1211 3839 ὑφορβός,

371 3843 446 3911 ἀλλ’
464 3842 486 3927 ἥ
508 3872 544 3931 γε
562 3839 683 3933 ’σχεδόν
706 3838 810 3929 ἦλθε·
835 3846 941 3935 δέμας
958 3851 990 3915 δ’
1009 3843 1100 3931 ἤικτο
1122 3854 1251 3937 γυναικί

370 3950 451 4031 καλῇ
473 3973 508 4016 τε
529 3948 653 4041 μεγάλη
675 3974 709 4019 τε
730 3953 787 4018 καὶ
808 3948 920 4037 ἀγλαοί
942 3956 1021 4041 έργα
1043 3955 1137 4044 λδυίμ,
1159 4007 1184 4048 1,
