3259 4917
98 3498 100 3533 Ι

99 3536 101 3563 1

608 525 848 582 ΟΔΥΣΣΕΙΑΣ
875 528 899 577 Α

171 684 189 747 1
225 686 319 767 ἔγχος
339 685 400 767 μέν
421 679 453 769 ῥ’
473 683 586 762 έστησε
608 686 719 772 φέρων
739 677 824 771 πρὸς
843 682 940 748 κίονα
961 678 1092 766 μακρήν

225 781 424 871 δουροδόκης
445 786 608 852 ἔντοσθεν
629 782 758 865 ἐυξόου,
780 787 870 851 ένθα
891 808 952 872 περ
974 778 1062 849 ἀλλα
1127 806 1137 823 ⁸

225 887 307 973 ἔγχε’
323 886 503 969 Ὀδυσσῆος
523 892 772 981 ταλασίφρονος
794 894 910 955 ἵστατο
933 884 1050 966 πολλά,

151 1004 206 1055 130
225 987 331 1072 αὐτὴν
353 989 382 1056 δ’
399 997 431 1068 ἐς
454 987 584 1079 θρόνον
606 986 691 1058 είσεν
714 987 818 1076 ἀγων,
839 987 903 1057 ύπδ
926 994 1002 1056 λῖτα
1023 987 1199 1069 πετάσσας,

226 1081 330 1161 καλὸν
352 1090 541 1160 δαιδάλεον·
564 1089 628 1159 ύπδ
652 1095 686 1160 δέ
708 1096 840 1181 θρῆνυς
860 1096 960 1159 ποσὶν
981 1084 1049 1171 ῆεν.

226 1194 295 1287 πάρ
318 1192 468 1273 δἀὐτὸς
489 1190 627 1279 κλισμὸν
649 1199 734 1262 θέτο
756 1198 919 1273 ποικίλον,
940 1196 1081 1261 ἔκτοθεν
1100 1188 1210 1261 ἀλλων

226 1297 438 1389 μνηστήρων,
460 1293 506 1383 μῆ
526 1296 631 1377 ξεῖνος
653 1297 806 1379 ἀνιηθεὶς
828 1296 1006 1386 ὀρυμαγδῷ

155 1460 161 1469 .
228 1407 346 1489 δείπνῳ
369 1398 534 1483 ἁδήσειεν,
559 1397 791 1525 ὑπερφιάλοισι
810 1396 991 1487 μετελθών,

156 1517 210 1569 105
228 1504 281 1587 ἡδ’
301 1512 357 1573 ἵνα
377 1528 436 1591 μιν
456 1508 531 1594 περὶ
552 1528 678 1590 πατρος
699 1502 931 1590 ἀποιχομένοιο
957 1507 1073 1591 έροιτο.

225 1611 364 1698 χέρνιβα
386 1608 414 1676 δ’
432 1606 623 1698 ἀμφίπολος
644 1604 777 1697 προχόῳ
798 1614 925 1694 ἐπέχευε
947 1613 1096 1695 φέρουσα

228 1714 312 1802 καλῇ
330 1716 476 1803 χρυσείη,
502 1710 581 1798 ὑπὲρ
603 1710 775 1797 ἀργυρέοιο
797 1713 943 1800 λέβητος,

228 1819 419 1905 νίψασθαι·
440 1808 533 1903 παρά
555 1816 589 1880 δὲ
612 1809 730 1896 ξεστῆν
751 1810 907 1879 ἐτάνυσσε
929 1811 1104 1903 τράπεζαν.

231 1930 324 1985 σῖτον
346 1917 376 1984 δ’
391 1919 501 1997 αίδοίη
522 1922 625 2004 ταμίη
647 1920 819 2007 παρέθηκε
842 1922 999 2005 φέρουσα,

159 2035 214 2087 140
231 2021 344 2088 είδατα
366 2018 462 2087 πόλλ’
480 2023 652 2101 ἐπιθεῖσα,
672 2021 872 2109 χαριζομένη
893 2017 1098 2108 παρεόντων·

231 2124 331 2212 κῆρυξ
354 2122 382 2189 δ’
399 2122 546 2191 αὐτοῖσιν
568 2121 656 2207 θάμ’
676 2120 816 2209 ἐπεύχετο
841 2121 1043 2208 οἰνοχοεύων.

277 2235 310 2305 ἐς
332 2225 361 2294 δ’
376 2219 489 2309 ἦλθον
509 2231 693 2312 μνηστῆρες
714 2222 885 2314 ἀγήνορες.
912 2232 946 2291 οἱ
967 2231 1029 2312 μέν
1049 2230 1160 2292 έπειτα

161 2342 215 2392 145
234 2330 336 2410 ἑξείης
358 2331 471 2410 έζοντο
494 2325 579 2393 κατά
601 2325 755 2411 κλισμούς
777 2352 811 2393 τε
834 2323 983 2413 θρόνους
1004 2352 1049 2407 τε,

232 2442 319 2500 τοῖσι
340 2435 376 2499 δὲ
398 2428 532 2517 κήρυκες
553 2433 613 2515 μὲν
633 2427 720 2518 ύδωρ
735 2432 796 2497 ἐπὶ
815 2440 929 2517 χεῖρας
950 2433 1071 2517 ἔχευαν,

233 2547 325 2603 σῖτον
347 2538 382 2603 δὲ
406 2536 514 2622 δμωαὶ
534 2531 736 2623 παρενήνεον
757 2541 792 2602 ἐν
812 2538 985 2612 κανέοισιν,

233 2642 347 2728 κούροι
368 2642 402 2706 δὲ
424 2635 590 2727 κρητῆρας
611 2642 835 2731 ἐπεστέψαντο
856 2647 982 2705 ποτοῖο.

235 2748 268 2809 οί
290 2741 319 2808 δ’
336 2741 384 2808 ἐπ’
405 2739 537 2809 ὀνείαθ’
555 2746 671 2827 ἑτοῖμα
692 2747 890 2831 προκείμενα
908 2750 1023 2829 χεῖρας
1043 2740 1168 2808 ίαλλον.

163 2859 217 2911 150
235 2841 339 2933 αύτάρ
362 2848 430 2911 ἐπεὶ
451 2842 567 2921 πόσιος
588 2847 645 2910 καὶ
666 2843 799 2927 ἐδητύος
822 2844 858 2925 ἐξ
879 2848 955 2933 έρον
975 2851 1050 2911 ἕντο

233 2951 431 3037 μνηστῆρες,
452 2956 560 3016 τοῖσιν
579 2950 640 3033 μὲν
661 2952 709 3015 ἐνὶ
732 2951 851 3040 φρεσὶν
873 2944 960 3014 ἀλλα
979 2945 1125 3033 μεμήλει,

234 3049 346 3139 μολπή
367 3050 395 3116 τ’
416 3048 574 3137 ὀρχηστύς
595 3072 646 3117 τε·
668 3046 712 3117 τά
732 3047 796 3139 γάρ
819 3050 848 3115 τ’
867 3048 1079 3134 ἀναθήματα
1099 3047 1227 3125 δαιτός·

235 3153 336 3239 κῆρυξ
358 3152 387 3219 δ’
402 3161 438 3220 ἐν
456 3156 570 3239 χερσὶν
591 3156 730 3234 κίθαριν
750 3154 947 3237 περικαλλέα
970 3155 1077 3232 θῆκεν

241 3260 374 3341 Φημίῳ,
397 3252 433 3333 ύς
455 3255 488 3342 ῥ’
506 3250 593 3337 ήειδε
614 3247 707 3341 παρά
727 3254 933 3341 μνηστῆρσιν
954 3251 1089 3348 ἀνάγκη.

167 3377 217 3427 155
237 3354 312 3438 ήτοι
333 3356 352 3423 ὁ
375 3359 544 3449 φορμίζων
565 3354 764 3444 ἀνεβάλλετο
786 3351 890 3423 καλὸν
910 3357 1040 3439 ἀείδειν,
1083 3370 1087 3378 ’

238 3455 342 3547 αύτάρ
371 3464 561 3547 Τηλέμαχος
582 3466 734 3554 προσέφη
755 3463 943 3545 γλαυκῶπιν
963 3458 1121 3544 Ἀθήνην,

238 3557 314 3648 ἀγχι
336 3559 421 3649 σχών
442 3562 604 3655 κεφαλήν,
627 3570 683 3633 ίνοι
703 3559 750 3650 μή
772 3564 961 3631 πευθοίαθ’
981 3572 1013 3631 οί
1034 3561 1138 3643 ἀλλον,

137 3722 140 3728 .
245 3665 348 3745 «ξεῖνε
371 3666 454 3758 φίλ’,
477 3658 499 3747 ἦ
521 3670 578 3733 καί
598 3692 657 3752 μοι
677 3664 872 3751 νεμεσήσεαι
894 3661 913 3731 ὅ
934 3670 987 3732 ττί
1007 3690 1063 3733 κεν
1085 3665 1179 3750 ε’ίπω,·

238 3765 401 3837 τούτοισιν
422 3771 609 3854 μὲνταῦτα
630 3771 732 3853 μέλει,
754 3772 891 3856 κίθαρις
912 3772 969 3835 καί
989 3766 1096 3851 ἀοιδή,

276 4013 323 4064 141
344 4014 450 4083 δαιτρὸς
469 4012 496 4065 δὲ
513 4008 602 4081 κρειῶν
620 4016 732 4072 πίνακας
750 4018 900 4082 παρέθηκεν
917 4008 1007 4086 ἀείρας

344 4102 490 4163 παντοίων,
507 4097 582 4168 παρά
600 4099 630 4152 δέ
646 4116 692 4169 σφι
709 4102 782 4153 τίθει
797 4095 905 4169 χρύσεια
922 4100 1046 4155 κύπελλα·
