3259 4917
331 522 387 579 τοι
717 490 1002 580 οιτεεειινέ
1074 576 1080 585 ,

228 730 232 749 .
279 676 389 747 1έοῖἀ
412 702 445 746 τε
468 669 494 763 ᾧ
517 678 604 760 οίκῆι
625 674 712 759 ἀναξ
734 673 882 764 εύθυμος
903 681 1029 758 ἔδωκεν,
1099 745 1103 750 .

310 778 425 849 ὀἶκόν
447 806 481 849 τε
503 779 626 869 κλῆρόν
647 806 682 849 τε
704 778 938 867 πολυμνήστην
959 805 994 847 τε
1016 788 1164 866 γυναῖκα,

282 894 315 947 65
334 882 371 963 ὅς
394 890 425 952 οί
446 880 555 951 πολλά
575 881 712 977 κάμρσι,
734 880 820 963 θεός
841 884 871 951 δ’
885 888 945 977 Χέπλ
966 888 1063 972 ἔργον
1085 882 1172 978 ἀέξφ,
1197 951 1202 957 ,
1226 934 1230 951 ,
1260 942 1262 945 .
1304 947 1310 965 ·.

334 988 377 1067 ἀς
398 992 453 1055 καὶ
477 986 550 1073 ἐμοὶ
570 984 646 1055 τόδε
669 991 765 1075 ἔργον
787 986 931 1067 ἀέξεται,
954 980 981 1071 ᾧ
1003 991 1176 1073 ἐπιμίμνω.
1260 1052 1268 1057 .

332 1094 380 1175 τῷ
399 1095 434 1157 κέ
456 1116 496 1177 με
517 1088 614 1159 πόλλ’
633 1086 758 1173 ὤνησεν
779 1085 880 1171 ἀναξ,
902 1097 931 1156 εί
952 1087 1077 1157 αὐτόθ’
1094 1089 1208 1178 ἐγήρα.

333 1192 408 1261 ἀλλ’
427 1189 530 1261 ὀλεθὶ
560 1192 603 1272 ὡς
625 1189 745 1285 ὤφελλ’
761 1192 893 1274 Ἑλένης
913 1188 987 1269 ἀπό
1004 1196 1112 1283 φῦλον
1134 1185 1297 1263 ὀλέσθαι

333 1294 466 1385 πρόχνυ,
488 1301 556 1365 ἐπεὶ
577 1300 709 1364 πολλῶν
731 1294 863 1383 ἀνδρῶν
883 1291 948 1363 ὑπὸ
969 1292 1106 1380 γούνατ’
1126 1300 1253 1365 έλυσεν·
1326 1343 1330 1348 -
1368 1356 1372 1363 .

282 1410 316 1462 70
334 1406 391 1467 καὶ
411 1394 477 1489 γάρ
492 1406 620 1495 ίἐκεῖνος
642 1402 701 1484 έβη
721 1400 964 1484 Ἀγαμέμνονος
986 1398 1210 1488 εἴνεκατιμῆς
1240 1433 1244 1489 j
1274 1439 1276 1442 ·
1322 1466 1326 1473 ,

327 1500 430 1571 Ἴλιον
448 1506 497 1580 ἐίς
519 1499 679 1582 εύπιιλον,
703 1506 759 1571 ἵνα
788 1498 934 1589 Τρώεσσι
955 1500 1127 1589 μάχοιτο.»

378 1602 422 1685 ὥς
444 1600 540 1671 εἰπὼν
562 1606 701 1693 ζωστῆρι
723 1608 818 1682 θοιΐις
840 1611 989 1694 συνέεργε
1006 1610 1140 1693 χιτῶνα,
1236 1652 1240 1659 ·

319 1784 321 1788 y
333 1710 381 1794 βῆ
403 1710 435 1774 δ’
452 1708 525 1793 ίμεν
547 1714 579 1787 ές
602 1700 756 1799 συφεούς,
780 1704 842 1775 ὅθι
864 1711 969 1776 έθνεα
991 1711 1260 1800 ἔρχατοχοίρων.

334 1814 435 1879 ’ένθεν
456 1806 537 1878 ἑλιδν
559 1808 610 1879 δύ’
628 1814 740 1891 ένειιιε,
762 1813 818 1879 καὶ
840 1810 1050 1902 ἀμφοτέρους
1071 1818 1222 1906 ἱέρευσεν,

283 1928 316 1979 75
336 1908 408 2009 εύσέ
431 1939 465 1982 τε
486 1917 659 2001 μίστυλλέν
681 1918 792 2006 τεκαὶ
814 1914 903 2007 ἀμφ’
922 1914 1089 2001 ὀβελοῖσιν
1110 1919 1244 2004 ἔπειρεν.
1330 1976 1334 1981 .
1420 1951 1423 1955 >

334 2015 483 2100 ὀπτήσας
504 2016 535 2083 δ’
555 2014 622 2103 ἀρα
642 2016 753 2087 πάντα
776 2025 887 2111 φέρων
906 2020 1076 2105 παρέθηκ’
1089 2017 1223 2100 Ὀδυσῆι
1231 2033 1239 2048 ·‘
1272 2085 1275 2089 1

272 2192 278 2207 ,
333 2121 438 2210 θέρμ’
456 2118 569 2219 αὐτοῖς
591 2118 771 2205 ὀβελοῖσιν·
795 2122 813 2189 ὁ
837 2120 867 2189 δ’
886 2116 1013 2209 ἀλφιτα
1036 2116 1134 2189 λευκά
1154 2117 1304 2191 πάλυνεν.

334 2230 370 2291 έν
392 2222 423 2292 δ’
443 2220 510 2310 ἀρα
531 2226 689 2309 κισσυβίῳ
710 2228 804 2313 κίρνη
826 2226 982 2315 μελιηδέα
1004 2222 1105 2305 οἶνον,

335 2325 436 2407 αὐτὸς
450 2326 487 2395 δ’
507 2324 623 2397 ἀντίον
645 2324 725 2408 ἷζεν,
752 2326 937 2417 ἐποτρύνων
959 2331 994 2397 δὲ
1015 2325 1188 2415 προσηύδα

282 2446 317 2499 80
342 2433 456 2500 «έσθιε
469 2423 602 2511 νῦν,,ὦ
624 2430 721 2515 ξεῖνε,
743 2429 785 2497 τά
807 2456 842 2499 τε
865 2428 1008 2518 δμώεσσι
1028 2428 1193 2519 πάρεστιν,

277 2580 278 2586 1
331 2532 449 2622 χοίρε’·
472 2530 557 2621 ἀτάρ
581 2531 725 2621 σιάλουςΙ
738 2558 774 2619 γε
796 2531 879 2612 σύας
898 2538 1083 2626 μνηστῆρες
1104 2537 1241 2614 έδουσιν,
1330 2544 1335 2550 ’

337 2634 394 2703 ούκ
417 2632 516 2701 ὀπιδα
539 2642 734 2725 φρονέοντες
756 2640 805 2702 ίνὶ
828 2640 946 2728 φρεσίν
968 2637 1038 2724 οόδ’
1057 2635 1197 2725 ἐλεητύν.
1301 2690 1316 2705 ,.

336 2737 377 2804 ού
397 2741 457 2825 μὲν
479 2741 610 2823 σχέτλια
633 2742 711 2825 ἔργα
730 2740 812 2807 θεοὶ
833 2737 979 2828 μάκαρες
1000 2745 1182 2832 φιλέουσιν,
1297 2794 1300 2797 .

336 2836 422 2906 ἀλλά
445 2842 542 2921 δίκην
561 2844 667 2909 τίουσι
688 2844 744 2938 καὶ
767 2842 884 2928 αίσιμα
906 2844 973 2934 ἔργ’
987 2839 1186 2930 ἀνθρώπων.

282 2960 318 3012 85
336 2947 392 3011 καὶ
409 2947 483 3030 μὲν
496 2946 666 3031 δυσμενέες
686 2948 742 3013 καὶ
765 2942 933 3029 ἀνάρσιοι,
955 2952 992 3013 οἵ
1010 2945 1039 3012 τ’
1058 2949 1111 3013 ἐπὶ
1132 2938 1230 3030 γαίης

337 3036 516 3135 ἀλλοτρίης
533 3050 636 3134 βῶσιν
657 3052 714 3115 καί
736 3073 798 3141 σφι
821 3045 902 3126 Ζεύς
923 3052 1022 3129 ληίδα
1036 3046 1119 3141 δύη,

335 3148 541 3239 πλησάμενοι
563 3155 597 3219 δέ
621 3176 655 3218 τε
676 3144 765 3234 νῆας.
783 3154 864 3236 έβαν
886 3150 1182 3232 οἶκόνδενέεσθαι,

335 3259 391 3321 καὶ
413 3258 473 3341 μέν
488 3262 564 3331 ,τοῖς
587 3250 705 3332 ὀπιδος.
721 3251 882 3345 κρατερὸν
904 3258 977 3333 δέος
997 3262 1033 3322 έν
1053 3259 1152 3343 φρεσὶ
1173 3257 1292 3321 πίπτει.
1319 3310 1323 3315 ,

248 3410 251 3413 -
336 3360 405 3423 οἵδε
428 3358 462 3423 δὲ
484 3359 541 3423 καί
559 3381 601 3434 τι,
614 3356 718 3438 ἰ’σασι,
745 3363 833 3425 θεοῦ
854 3364 887 3428 δέ
910 3357 970 3424 τιν’
990 3360 1103 3443 ἔκλυον
1124 3353 1238 3437 αιἰδήν,

284 3476 318 3530 90
335 3462 443 3528 κείνου
465 3455 585 3547 λυγρὸν
608 3454 766 3547 ὀλεθρον,
790 3457 841 3527 ὅτ’
860 3459 927 3537 οιίκΙ
940 3462 1096 3527 ἐθέλουσι
1117 3462 1263 3535 δικαίως,

335 3564 493 3649 μνᾶσθαι
515 3560 591 3631 οὐδὲ
610 3565 750 3632 νέεσθαι
771 3568 825 3631 ἐπὶ
846 3564 984 3655 σφέτερ’,
1004 3559 1092 3629 ἀλλά
1115 3564 1243 3643 έκηλοι
1266 3594 1271 3599 ·

336 3662 487 3751 κτήματα
503 3661 754 3755 ,δαρδάπτουσιν
767 3666 950 3756 ὑπέρβιον,
971 3666 1043 3735 οόδ’
1062 3670 1115 3733 ἔπι
1136 3662 1248 3757 φειδώ.

337 3765 436 3834 ὀσσαι
458 3763 522 3857 γάρ
544 3766 655 3845 νύκτες
676 3794 710 3836 τε
733 3770 988 3858 καὶημέραιῑέκ
1009 3768 1086 3848 Διός
1108 3777 1199 3849 είσιν,
1233 3836 1238 3843 ,

337 3866 377 3937 ού
398 3871 485 3937 ποθ’
503 3872 539 3936 έν
560 3868 702 3955 ίρεύουσ’
721 3868 858 3961 ἱερύιον,
881 3871 956 3941 οὐδὲ
977 3871 1029 3941 δύ’
1048 3874 1123 3946 οίω·

272 3988 318 4041 -95
338 3972 428 4041 οίνον
451 3975 485 4039 δέ
508 3968 740 4063 φθινύθουσιν
761 3974 930 4062 ὑπέρβιον
939 3974 1146 4067 ἐξαφύοντες

336 4068 359 4158 ἦ
380 4071 444 4166 γάρ
468 4078 499 4143 οἱ
522 4072 587 4157 ζωή
609 4077 642 4162 ‘y'
661 4069 703 4157 ἦν
724 4072 892 4157 άσιιετος·Ι
907 4074 948 4147 ού
967 4102 1033 4161 τινι
1052 4076 1156 4159 τόσση
1199 4138 1206 4145 .
