3259 4917
641 492 881 557 ΟΔῩΣΣΕΙΑΣ
909 499 931 551 Σ

197 649 242 715 18
301 644 364 729 τήν
386 640 476 717 δὀὐ
503 652 694 737 Τηλέμαχος
715 657 920 737 πεπνυμένος
941 651 1058 721 ἀντίον
1080 648 1166 733 ηὐδα

265 755 389 841 «μῆτερ
412 748 549 839 ἐμή,τύ
571 756 631 837 μὲν
654 749 694 821 οὐ
716 779 752 823 σε
773 759 982 842 νεμεσσῶμαι
1001 757 1226 842 κεχολῶσθαι·

259 850 365 940 αὐτάρ
388 850 449 939 ἐγὼ
472 858 573 941 θυμῷ
595 862 676 921 νοέω
697 861 754 925 καὶ
777 858 854 926 οῖδα
876 862 1006 938 ἕκαστα,
1043 906 1047 913 -

258 954 370 1025 ἐσθλοί
391 982 426 1023 τε
447 961 503 1024 καὶ
524 954 567 1023 τά
585 964 705 1048 χέρηα·
727 958 839 1051 πόρος1
856 959 886 1027 δ’
906 964 953 1027 ἐτι
973 958 1091 1042 νήπιος
1111 952 1166 1041 ἦα.

183 1082 241 1134 230
260 1058 346 1127 ἀλλά
368 1085 421 1126 τοι
443 1058 483 1127 οὐ
504 1058 648 1147 δύναμαι
668 1071 857 1149 πεπνυμένα
878 1060 990 1130 πάντα
1010 1067 1147 1145 νοῆσαι·

259 1170 294 1229 ἐκ
315 1160 379 1252 γάρ
402 1187 442 1247 με
464 1160 649 1243 πλήσσουσι
669 1164 855 1251 παρήμενοι
875 1162 1024 1233 ἀλλοδεν
1047 1162 1147 1244 ἄλλος

260 1268 328 1333 οἵδε
349 1261 435 1331 κακά
457 1271 668 1358 φρονέοντες,
690 1272 763 1354 ἐμοὶ
786 1268 815 1334 δ’
832 1269 891 1337 οὐκ
914 1272 997 1360 είσίν
1018 1267 1151 1356 ἀρωγοί.

259 1367 299 1436 οὐ
320 1374 380 1454 μέν
403 1394 456 1435 τοι
476 1368 584 1449 ξείνου
605 1396 641 1454 γε
663 1375 719 1439 καὶ
734 1367 827 1461 Ἴρου
847 1363 956 1459 μῶλος
978 1369 1105 1457 ἐτύχθη

258 1467 455 1560 μνηστήρων
477 1470 598 1554 ίότητι,
619 1476 676 1566 ,ἀξίῃ
699 1474 730 1541 δ’
750 1472 769 1541 ὅ
792 1500 829 1560 γε
852 1480 1009 1565 φέρτερος
1031 1466 1099 1556 ἦεν.

185 1592 240 1644 235
260 1575 297 1639 αἳ
317 1571 397 1662 γάρ,
421 1578 486 1641 Ζεῦ
506 1600 541 1641 τε
562 1573 666 1665 πάτερ
688 1580 745 1645 καὶ
765 1579 932 1665 Ἀθηναίη
954 1582 1011 1645 καί
1030 1572 1199 1659 Ἄπολλον,

258 1674 344 1744 οὕτω
365 1680 426 1745 νῦν
446 1684 630 1767 μνηστῆρες
652 1686 688 1748 έν
708 1680 896 1769 ἡμετέροισι
917 1679 1068 1767 δόμοισιν

258 1778 382 1847 νεύοιεν
403 1778 549 1872 κεφαλάς
570 1786 780 1869 δεδμημένοι,
804 1790 837 1850 οί
858 1788 919 1869 μὲν
941 1792 976 1849 ὲν
998 1784 1082 1875 αὐλῇ

259 1887 292 1950 ολ
313 1882 343 1949 δ’
363 1886 503 1951 ἔντοσθε
526 1883 658 1971 δόμοιο,
680 1888 813 1953 λελῦντυ
836 1888 871 1952 δὲ
893 1896 971 1969 γυῖα
991 1884 1139 1967 ίκάστου,

259 1985 303 2063 ὡς
323 1989 383 2053 νῦν
400 1978 487 2076 Ἶρος
509 1994 630 2066 ἐκεῖνος
651 1986 701 2054 ἐπ’
721 1988 868 2080 αὐλείῃσι
889 1985 1032 2080 θύρῃσιν

186 2110 241 2162 240
259 2081 359 2170 ἧσται
380 2087 562 2170 νευστάζων
584 2094 726 2183 κεφαλῇ,
747 2089 912 2177 μεθύοντι
934 2089 1053 2172 ἐοικός,

260 2190 330 2260 οὐδ’
349 2189 459 2281 ὀρθός
481 2198 600 2273 στῆναι
621 2191 760 2260 δύναται
781 2199 896 2273 ποσίν,
920 2194 996 2261 οὐδὲ
1018 2198 1159 2261 νέεσθαι

260 2294 372 2375 οίκαδζ
394 2292 458 2388 ὅπῃ
477 2302 513 2363 οί
536 2292 668 2375 νόστος,
696 2300 765 2363 ίπεὶ
786 2300 871 2388 φίλα
893 2308 970 2382 γυῖα
992 2300 1174 2363 λέλυνται.»

223 2486 225 2489 ¹
304 2395 348 2477 τίς
370 2404 403 2463 οί
424 2402 644 2485 μὲντοιαῦτα
665 2395 749 2487 πρὸς
771 2395 933 2480 ἀλλήλους
954 2395 1131 2486 ἀγόρευον·

259 2500 455 2591 Εὐρύμαχος
477 2501 505 2569 δ’
526 2506 653 2569 ἐπέεσσι
673 2499 847 2590 προσηύδα
871 2499 1112 2583 Πηνελόπειαν.

188 2620 241 2671 245
267 2603 389 2693 «κούρη
409 2605 563 2695 Ἰκαρίοιο
586 2609 749 2697 περίφρον
771 2605 992 2687 Πηνελόπεια,
1136 2604 1143 2610 ’

260 2716 288 2775 εί
310 2706 430 2786 πάντες
452 2730 488 2775 σε
510 2708 611 2775 ίδοιεν
634 2708 687 2775 ἀν’
701 2704 815 2777 Ἴασον
835 2705 950 2797 Ἄργος
968 2710 1103 2795 Ἀχαιοί,

258 2814 392 2889 πλέονές
413 2835 447 2878 κε
469 2812 653 2897 μνηστῆρες
675 2820 711 2879 ἐν
731 2811 915 2902 ὑμετέροισι
935 2811 1087 2900 δόμοισιν

259 2913 374 2996 ἠῶθεν
397 2913 551 3007 δαινύατῇ,
574 2919 642 2981 ἐπεὶ
663 2922 809 3005 περίεσσι
831 2920 993 3000 γυναικῶν

261 3015 346 3095 εἶδός
368 3042 413 3101 τε1
424 3016 569 3104 μέγεθός
591 3042 625 3083 τε
648 3020 694 3099 ζδὲ
722 3024 846 3106 φρένας
868 3020 962 3082 ἔνδον
984 3019 1107 3093 ἐίσας.»

189 3133 242 3185 250
303 3117 363 3187 τόν
385 3119 415 3186 δ’
434 3118 578 3204 ἠμείβετ’
597 3122 707 3185 έπειτα
729 3124 900 3208 περίφρων
921 3113 1134 3197 Πηνελόπεια

266 3221 464 3314 «Εὐρύμαχ’,
486 3217 561 3304 ήτοι
583 3216 665 3308 ἐμήν
686 3216 809 3309 ἀρετήν
831 3217 918 3299 εἶδός
938 3245 972 3286 τε
995 3222 1096 3306 δέμας
1118 3244 1151 3287 τε

259 3323 385 3395 ἀλεσαν
406 3322 594 3405 ἀθάνατοι,
618 3320 671 3392 ὅτε
688 3320 791 3415 Ἴλιον
813 3327 1042 3410 εἰσανέβαινον

257 3430 410 3519 Ἀργεῖοι,
432 3424 515 3516 μετὰ
538 3438 624 3497 τοῖσι
647 3426 676 3495 δ’
696 3424 774 3513 ἐμός
795 3426 892 3505 πόσις
912 3420 969 3518 ᾖεν
988 3423 1168 3503 Ὀδυσσεύς.

261 3538 288 3598 εί
309 3529 415 3608 κεῖνός
436 3533 467 3617 y’
487 3527 598 3598 ἐλθών
619 3527 679 3598 τὸν
701 3528 781 3615 ἐμὸν
802 3534 880 3615 βίον
892 3519 1130 3617 ἀμφιπολεύοι,

190 3649 241 3701 255
259 3630 371 3724 μεῖζόν
393 3657 427 3699 κε
450 3638 542 3709 κλέος
564 3632 613 3712 ε’ίη
636 3628 716 3717 ἐμὸν
738 3636 794 3697 καὶ
815 3629 950 3697 κάλλιον
973 3626 1083 3705 οὕτως.

260 3739 320 3803 νῦν
342 3734 373 3802 δ’
390 3732 528 3820 ἀχομαι·
551 3731 634 3799 τόσα
655 3730 721 3817 γάρ’
743 3759 801 3817 μοι
822 3738 993 3800 ἐπέσσευεν
1015 3726 1100 3795 κακά
1123 3733 1260 3820 δαίμων.

261 3831 284 3921 ἦ
306 3842 365 3924 μέν
387 3834 427 3919 δή
452 3834 505 3903 ’ὅτε
527 3835 556 3902 τ’
575 3828 611 3927 ᾖε
634 3832 736 3902 λιπύν
757 3831 843 3902 κάτα
862 3838 1009 3930 πατρίδα
1033 3842 1142 3917 γαῖαν,

263 3937 426 4028 δεξιτερήν
448 3944 500 4009 ἐπὶ
523 3942 637 4027 καρπῷ
659 3934 742 4005 έλιύν
763 3943 819 4024 ἐμὲ
837 3951 934 4027 χεῖρα
955 3933 1127 4024 προσηύδα

270 4038 311 4111 «ὦ
332 4043 442 4131 γύναι,
466 4039 590 4131 οὐγὰρ
613 4041 671 4111 ὀίω
694 4039 889 4128 ἐυκνήμιδας
908 4037 1057 4128 Ἀχαιούς

1321 1829 1333 1863 λ
