3259 4917
647 503 888 594 οεκεεεικε
914 540 933 591 ε

200 697 245 763 14
306 694 460 776 ἐξαπίνης
483 692 513 759 δ’
530 691 674 773 Ὀδυσῆα
696 692 768 760 ίδον
790 689 882 770 κύνες
904 687 1122 779 ὑλακόμωροι.

209 804 295 865 30οί
317 802 378 883 μὲν
399 797 595 879 κεκληγῶτες
616 798 816 883 ἐπέδραμον·
839 792 945 883 αὑτάρ
965 791 1139 872 Ὀδυσσεύς

263 904 349 982 ἐζετο
372 900 564 991 κερδοσύνῃ,
586 904 752 990 σκῆπτρον
775 902 809 965 δέ
833 905 865 967 οἱ
888 902 1000 966 έκπεσε
1018 894 1137 984 χειρός.

262 1008 351 1071 ἔνθα
373 994 476 1087 κενῷ
498 1000 566 1086 πάρ
589 1006 735 1089 σταθμῷ
757 1002 916 1069 ἀεικέλιον
938 998 1052 1067 πόθεν
1074 997 1191 1085 ἀλγος·
1267 1036 1270 1039 ’

262 1103 350 1175 ἀλλά
372 1098 522 1192 συβιότηςΙ
542 1096 610 1171 ὦκα
632 1110 711 1173 ποσὶ
733 1114 921 1190 κραιπνοῖσι
941 1101 1118 1190 μετασπόν
1233 1122 1236 1129 ·

245 1210 371 1279 Ιἔσσυτ’
391 1205 457 1276 ἀνά
479 1209 669 1297 πρόθυρον,
693 1213 809 1291 σκῦτος
832 1211 867 1274 δέ
890 1213 921 1275 οί
942 1212 1055 1281 ἔκπεσε
1074 1204 1192 1293 χειρός.

211 1327 245 1378 3⁵
264 1304 340 1393 τόὺς
361 1318 420 1402 μὲν
443 1310 631 1399 ὁμοκλήσας
653 1316 745 1380 σεῦεν
766 1306 867 1400 κύνας
888 1307 1021 1389 ἄλλυδις
1042 1305 1146 1376 ἀλλον

263 1422 420 1509 πυκνῇσιν
441 1412 661 1483 λιθάδεσσιν·
678 1416 696 1483 6
712 1418 754 1481 Ιδέ
776 1422 969 1502 προσέειπεν
990 1410 1121 1481 ἀνακτα
1158 1419 1166 1475 “.
1194 1449 1197 1456 ·

214 1516 219 1543 ³
266 1513 318 1611 66
339 1527 450 1606 γέρον,
472 1511 495 1600 6
509 1518 689 1604 :6660606
712 1515 803 1595 κύνες
826 1516 1062 1600 διεδηλήσαντο

264 1623 433 1704 ἐξαπίνης,
456 1626 512 1689 ’καί
526 1627 588 1688 κέν
609 1646 668 1709 μοι
689 1625 853 1707 ἐλεγχείην
874 1627 1057 1708 κατέχευας.

265 1730 320 1792 καὶ
343 1728 377 1791 δέ
400 1750 457 1811 μοι
480 1723 565 1791 ἀλλα
589 1728 668 1797 θεοὶ
690 1722 797 1793 δόσαν
818 1721 921 1811 ἀλμεά
943 1750 977 1791 τε
1000 1720 1164 1812 στοναχάς
1185 1745 1235 1790 τε·

211 1841 248 1893 40
267 1828 426 1915 ἀντιθέου
447 1825 511 1918 γὰρ
533 1824 675 1907 ἄνακτος
698 1825 897 1913 ὀδυρόμενος
917 1831 973 1892 καὶ
995 1824 1122 1912 ἀχεύων
1179 1910 1181 1913 ¹
1222 1854 1226 1859 ’
1276 1873 1278 1876 -

265 1926 367 2018 ἧμαι,
384 1928 532 2000 ἄλλοισιν
554 1934 588 2034 δέ
611 1930 694 2012 σύας
716 1930 853 2007 σιόλους
872 1927 1035 1996 ἀτιτάλλω

243 2038 413 2121 -έδμεναν
436 2030 541 2123 αὑτάρ
564 2028 669 2114 κεῖνος
691 2031 882 2121 ἐελδόμενός
903 2057 968 2100 που
990 2034 1112 2114 ἐδωδῆς

210 2184 212 2188 .
265 2136 412 2220 πλάζετ”
416 2146 456 2205 ἐπ
458 2137 686 2267 ἀλλοθρόων
708 2137 839 2225 ἀνδρῶν
861 2134 968 2221 δῆμόν
989 2160 1024 2202 τε
1046 2133 1144 2204 πόλιν
1164 2160 1208 2216 τε,
1232 2163 1239 2189 ··

267 2242 381 2309 είπον
403 2246 449 2308 έτι
471 2235 542 2321 ζωει
562 2246 618 2307 καὶ
641 2241 705 2328 ὁρᾷ
728 2238 818 2329 φάος
838 2236 972 2319 ἠελίοιο.
1027 2279 1029 2282 -
1112 2269 1148 2322 j

212 2356 248 2408 45
266 2344 340 2411 ἀλλ’
361 2351 451 2424 ἐπεο,
472 2335 630 2424 κλισίηνδ’
649 2344 799 2427 ίομεν,μ
801 2347 901 2430 έ,ρον
913 2336 1005 2465 όφρα
1027 2345 1083 2407 καὶ
1105 2338 1213 2420 αὑτός,
1286 2340 1296 2356 ”

267 2452 360 2515 σίτου
382 2450 437 2513 καὶ
460 2447 562 2513 οίνοιο
585 2436 826 2575 κορεοσάμενος
847 2442 934 2510 κατά
953 2440 1077 2530 θυμόν,

267 2550 356 2645 είπης
378 2547 533 2617 ὁππόθεν
555 2552 625 2643 ἐσσὶ
647 2554 704 2616 καὶ
725 2546 860 2618 ὁππόσα
881 2546 1006 2631 κήδε”
988 2573 1031 2616 αν
1032 2551 1133 2630 ἐ.τλης
1140 2576 1156 2606 ο

311 2650 355 2731 ὥς
377 2649 474 2720 είπιὺν
495 2649 689 2735 κλισίηνδ’
672 2641 821 2739 ημήοατο
844 2657 916 2735 δῖος
936 2650 1099 2746 ὑφορβός
1175 2660 1180 2665 ’

267 2753 412 2821 είσενδ
425 2754 622 2845 εέσαγαμιόν,
645 2757 843 2846 ῥῶπαςδ
820 2783 872 2825 υπ
874 2762 959 2844 έχενε
978 2760 1125 2836 δασείας,
1173 2815 1178 2821 .

215 2872 249 2923 50
268 2854 488 2967 ἐστόρεσενδ’
508 2865 570 2927 ἐπὶ
583 2862 686 2949 δέρμα
709 2860 913 2939 ἐονθόδος’
895 2860 1013 2949 626606
1022 2857 1136 2945 αἰγός,
1237 2868 1240 2871 ’

268 2944 374 3033 αὑτοῦ
393 2962 572 3042 ἐνεύναιον,
594 2969 679 3050 μέγα
700 2969 754 3030 καὶ
778 2963 872 3033 δασύ.
896 2963 1042 3052 χαῖρεδ
1058 2952 1232 3040 Ὀδυσσεύς

269 3062 339 3131 ὅττι
358 3089 416 3153 μιν
439 3062 481 3143 ἀς
490 3066 670 3145 ὑπέδεκτο,
694 3070 811 3145 ἐποςτ
816 3068 945 3157 λύ’(ματ,
968 3066 1054 3131 έκτ’
1072 3060 1242 3159 ὀνόμαζεν.

275 3167 378 3247 «Ζεύς
399 3193 452 3235 τοι
474 3170 562 3248 δοίη,
585 3167 681 3248 ξεῖνε,
704 3174 760 3236 καὶ
783 3168 957 3235 ἀθάνατοι
977 3170 1057 3235 θεοὶ
1079 3161 1176 3232 ἀλλοί
1274 3202 1290 3215 ·

266 3269 288 3339 6
311 3297 362 3338 ττι
379 3268 516 3358 ·μσίλισί’
535 3274 675 3353 ἐθέλεις,
698 3270 750 3339 ὅτι
770 3298 811 3359 με
833 3269 995 3365 πρόφρων
1015 3270 1195 3358 ὑπέδεξο.»

217 3388 250 3439 55
314 3370 371 3441 τόν
394 3374 420 3441 δ’
441 3368 706 3463 ἀπαμειβόμενος
727 3381 911 3469 προσέφης,
933 3372 1059 3463 Εύμαιε
1082 3376 1223 3459 συβῶτα,
1291 3413 1295 3419 «

259 3478 380 3559 «ξεῖν’,
404 3474 445 3547 ού
464 3504 522 3563 μοι
543 3482 644 3564 θέμις
666 3481 738 3559 ἐστ’,
763 3478 834 3547 οὐδ’
855 3488 882 3547 εέ
903 3486 1025 3547 κακίων
1047 3482 1149 3544 σέθεν
1165 3479 1277 3554 ’έλθοη

269 3580 376 3661 ξεῖνον
398 3579 572 3666 ἀτιμῆσαι·
593 3577 676 3668 πρὸς
697 3578 761 3669 μάρ
784 3580 862 3659 Διός
883 3591 964 3649 εέσιν
984 3580 1127 3658 όπαντες
1228 3594 1233 3599 ’

269 3683 370 3764 ξεῖνοί
390 3706 424 3747 τε
444 3684 571 3804 μτωχοί
592 3682 635 3747 τε.
665 3680 756 3775 δόσις
777 3684 808 3749 δ’
828 3683 923 3767 ὀλίγη
946 3708 979 3749 τε
992 3684 1083 3773 ’φίλη
1105 3706 1139 3749 τε

265 3790 414 3873 γίγνεται
434 3782 592 3871 ἡμετέρη
597 3796 634 3863 η
656 3779 720 3870 μάρ
743 3768 860 3873 δμοίων
882 3789 993 3912 δίκηέ
995 3790 1094 3853 στίν

218 3901 252 3952 60
271 3894 335 3957 αίεὶ
358 3883 613 3967 δειδιότωυ,ότ’
561 3892 779 3973 οτέπικρατέ
782 3910 861 3955 ωσιν
882 3886 1020 3967 όνακτες
1114 3912 1119 3917 ·

269 4000 301 4061 οἱ
324 3998 400 4061 νέοι.
430 3983 452 4075 6
474 3986 538 4078 γάρ
560 3992 625 4057 τού
642 4014 677 4075 με
700 3992 779 4061 θεοί
800 3987 886 4059 κατά
907 3991 1029 4061 νόστον
1051 3994 1181 4074 ἔδησαν,
1206 4002 1210 4006 ’

270 4094 307 4177 ὅς
328 4120 383 4165 κεν
405 4096 457 4185 ἔμ’
476 4096 629 4173 ἐνδυκέως
651 4097 755 4179 ἐφίλει
775 4099 832 4164 καλ
854 4101 969 4179 πτῆσιν
991 4092 1145 4177 ὄπασσεν,
