3259 4917
325 537 376 592 182
704 537 945 594 ΟΔΥΣΣΕΙΔΣ
970 537 1003 591 Μ

195 693 201 700 ’
273 694 313 760 12
326 693 399 761 οὐδέ
422 718 477 759 κεν
499 692 629 778 ἀμβαίη
651 691 773 779 βροτός
795 690 896 775 ἀνήρ,
919 689 960 758 ού
981 693 1158 776 καταβαίη,

228 873 244 890 -„
327 794 396 863 οὐδ’
416 796 444 862 ελ
465 801 495 862 σι’
516 799 622 883 χεῖρές
645 819 678 862 τε
702 800 821 862 ἐείκοσι
843 799 899 861 καὶ
921 792 1022 871 πόδες
1044 792 1123 860 εἷεν·

326 905 426 986 πέτρη
449 895 512 986 γάρ
536 901 586 976 λίς
608 906 691 978 ἐστι,
712 900 885 986 περιξεστῇ
905 905 1017 963 ἐικυῖα.

274 1011 308 1061 80
326 1006 435 1086 μέσσῳ
459 1000 488 1066 δ’
508 1008 543 1066 έν
565 1005 712 1084 σκοπέλῳ
734 1005 801 1066 ἐστὶ
826 1005 925 1076 σπέος
945 999 1115 1082 ἠεροειδές,

326 1099 409 1191 πρὸς
431 1101 535 1194 ζόφον
560 1111 605 1180 είς
621 1099 756 1190 Ἔρεβος
778 1107 1014 1188 τετραμμένον,
1037 1094 1058 1192 ᾖ
1079 1123 1140 1186 περ
1162 1096 1206 1166 ἀν
1226 1100 1317 1188 ὑμεῖς

326 1209 391 1286 νῆα
413 1202 505 1292 παρά
526 1202 700 1295 γλαφυρήν
722 1203 869 1283 λθύνετε,
887 1202 1017 1293 φαίδιμ’
1033 1202 1203 1270 ’(ίδυσσεῦ.Ι

328 1309 401 1376 οὐδέ
425 1333 479 1374 κεν
502 1314 536 1375 ἐκ
558 1303 637 1389 νηδς
659 1309 832 1398 γλαφυρῆς
854 1306 979 1388 αἰζήιος
1000 1303 1086 1394 ἀνήρ

327 1409 410 1496 τόξῳ
434 1409 603 1489 ὀιστεύσας
625 1415 737 1477 κοῖλον
759 1417 859 1488 σπέος
880 1414 1095 1500 ελσαφίκοιτο.

275 1529 309 1578 85
330 1518 417 1579 ἔνθα
441 1514 470 1580 δ’
490 1517 537 1579 ἐνὶ
560 1511 697 1593 Σκύλλη
714 1518 804 1590 ναίει
827 1509 936 1580 δεινόν
958 1513 1121 1577 λελακυῖα.

327 1621 386 1696 τῆς
410 1613 482 1696 ήτοι
505 1611 599 1706 φωνή
621 1621 681 1700 μὲν
704 1614 766 1697 ὅση
790 1613 950 1692 σκύλακος
970 1618 1120 1700 νεογιλῆς
1286 1695 1294 1705 ⁹

328 1723 487 1803 γίγνεται,
511 1714 593 1798 αὐτή
617 1716 646 1784 δ’
662 1711 739 1784 αὖτε
762 1721 869 1804 πέλωρ
891 1716 1009 1783 κακόν·
1033 1717 1108 1784 οάδέ
1130 1723 1165 1784 κέ
1187 1723 1237 1795 τίς
1257 1740 1315 1805 μιν

327 1819 509 1905 γηθήσειεν
531 1819 621 1901 ίδών,
645 1821 713 1888 οὐδ’
733 1829 760 1886 ελ
783 1818 867 1897 θεὸς
889 1819 1081 1887 ἀντιάσειεν.

328 1929 386 2003 τῆς
408 1920 482 2004 ήτοι
503 1922 602 2001 πόδες
624 1928 688 1990 ελσλ
708 1920 852 1990 δυώδεκα
873 1921 994 2002 πάντες
1015 1920 1127 2012 ἀωρσι,
1161 1960 1165 1966 ·
1196 1942 1200 1948 ’

278 2039 312 2090 00
329 2025 363 2105 ἓξ
385 2028 419 2090 δέ
442 2032 475 2091 τέ
500 2031 530 2091 οἱ
554 2028 659 2111 δειραὶ
680 2023 883 2112 περιμήκεες,
910 2025 945 2092 ὲν
967 2030 1002 2092 δέ
1024 2024 1143 2118 ἑκάστη

311 2130 512 2215 Ισμερδαλέη
535 2126 678 2218 κεφαλή,
702 2127 737 2194 ἐν
759 2133 793 2195 δὲ
816 2135 994 2216 τρίστοιχοι
1017 2125 1149 2206 ὀδόντες

328 2235 443 2296 πυκνοὶ
465 2237 520 2297 καὶ
543 2236 686 2316 θαμέες,
711 2236 816 2300 πλεῖοι
838 2231 981 2318 μέλανος
1002 2229 1180 2300 θανάτοιο.

328 2338 434 2418 μέσση
456 2343 516 2419 μέν
538 2359 572 2400 τε
594 2330 679 2399 κατά
701 2339 834 2412 σπείους
855 2340 980 2402 κοίλοιο
1003 2338 1141 2413 δέδυκεν,

330 2435 388 2514 έξω
413 2436 441 2501 δ’
463 2437 579 2522 ἐξίσχει
600 2431 747 2528 κεφαλάς
770 2441 890 2505 δεινοῖο
913 2441 1089 2526 βερέθρου,
1161 2467 1166 2474 ’

279 2557 311 2606 05
330 2538 432 2604 αὐτοῦ
455 2538 482 2604 δ’
502 2537 644 2624 ἰχθυάᾳ,
668 2538 829 2606 σκόπελον
852 2539 1118 2629 περιμαιμώωσα,

331 2638 486 2731 δελφῖνάς
508 2666 542 2706 τε
565 2638 663 2718 κύνας
685 2667 734 2722 τε,
757 2649 812 2709 καὶ
836 2645 865 2710 εί
884 2648 973 2710 ποθι
993 2645 1104 2729 μεῖζον
1126 2647 1235 2735 έλησιν

330 2747 442 2824 κῆτος,
466 2740 488 2808 ἀ
510 2749 611 2832 μυρία
632 2741 745 2828 βόσκει
766 2746 952 2832 ἀγάστονος
971 2748 1175 2835 Ἀμφιτρίτη.

330 2849 369 2936 τῇ
391 2845 420 2910 δ’
441 2842 480 2912 ού
501 2845 551 2912 πώ
574 2873 652 2913 ποτε
679 2853 795 2914 ναύται
818 2848 949 2936 ἀκήριοι
971 2847 1183 2935 εὐχετόωνται

329 2955 529 3037 παρφυγέειν
553 2947 613 3018 σὺν
635 2955 704 3032 νηί·
728 2952 820 3043 φέρει
842 2952 878 3019 δύ
900 2978 934 3018 τε
956 2957 1052 3038 κρατὶ
1075 2950 1200 3036 ἑκάστῳ

262 3072 311 3122 100
331 3051 412 3143 φῶτ’
432 3052 644 3140 ἐξαρπάξασα
667 3053 739 3132 νεός
761 3054 1017 3142 κυανοπρώροιο.

373 3152 433 3220 τὸν
455 3155 484 3221 δ’
506 3164 616 3243 έτερον
638 3156 797 3226 σκόπελον
817 3156 1085 3245 χθαμαλώτερον
1107 3154 1198 3250 ὄφει,
1219 3157 1384 3235 Ὀδυσσεῦ,

329 3262 470 3336 πλησίον
493 3257 658 3337 ἀλλήλων·
685 3265 742 3324 καί
761 3286 817 3327 κεν
839 3260 1084 3338 διοϊστεύσειας

330 3363 376 3442 τῷ
400 3359 429 3424 δ’
449 3367 483 3424 έν
506 3359 626 3446 ἐρινεός
649 3367 717 3426 ἐστι
737 3367 854 3445 μέγας,
877 3360 1031 3451 φύλλοισι
1052 3362 1217 3444 τεθηλώς·

331 3467 376 3544 τῷ
399 3460 428 3526 δ’
448 3457 511 3528 ἀπὸ
534 3466 590 3528 δῖα
616 3461 787 3550 Χάρυβδις
809 3465 1024 3553 ἀναρροιβδεῖ
1044 3468 1148 3551 μέλαν
1168 3464 1265 3550 ὕδωρ.

263 3581 312 3631 105
330 3569 401 3650 τρὶς
423 3568 482 3649 μέν
504 3563 570 3650 γάρ’
591 3565 620 3631 τ’
640 3565 771 3648 ἀνίησιν
794 3566 843 3632 ἐπ’
863 3563 978 3651 ήματι,
1004 3574 1075 3656 τρὶς
1097 3567 1126 3632 δ’
1146 3557 1340 3655 ἀναροιβδεῖ
1419 3585 1424 3604 ’

332 3667 448 3732 δεινόν.
478 3664 523 3752 μή
548 3666 590 3734 σύ
610 3694 645 3753 γε
668 3674 759 3736 κεῖθι
781 3667 903 3756 τύχοις,
926 3667 981 3736 ὅτε
1003 3668 1242 3760 ῥοιβδήσειεν,

333 3767 371 3832 ού
393 3767 456 3855 γάρ
478 3792 533 3834 κεν
554 3767 691 3856 ῥύσαιτό
714 3771 744 3837 σ’
763 3772 842 3838 ἀπὲκ
863 3777 965 3840 κακοῦ
987 3773 1056 3841 οὐδ’
1076 3777 1272 3858 ένσσίχθων.

332 3867 417 3935 ἀλλά
438 3870 530 3956 μάλα
553 3871 708 3953 Σκύλλης
731 3881 877 3959 σκοπέλῳ
894 3880 1103 3962 πεπλημένος
1124 3868 1193 3939 ὦκα

332 3976 397 4052 νῆα
412 3972 639 4060 παρεξελάαν,
663 3981 731 4042 ἐπεὶ
756 3968 777 4057 ἦ
798 3974 885 4043 πολά
906 3977 1066 4068 φέρτερόν
1088 3983 1176 4044 ἐστιν

264 4085 315 4136 110
333 4074 366 4156 ἓξ
388 4073 524 4162 ἑτάρους
546 4075 581 4142 ἀν
603 4081 657 4158 νηὶ
679 4077 873 4164 ποθήμεναι
892 4077 915 4159 ή
937 4078 1010 4164 άμα
1030 4078 1190 4155 πάντας.»
