3259 4917
601 568 839 627 ΟΔΥΣΣΕΙΑΣ
866 575 892 630 Ψ,
1219 576 1270 630 341

158 721 203 788 23
220 721 538 811 γρηὶπεριπλέχθη,
559 720 737 814 βλεφάρων
759 724 789 792 δ’
807 721 875 792 ἀπὸ
899 724 1041 817 δάκρυον
1063 721 1149 810 ῆκεν,

218 827 276 888 καί
296 847 354 910 μιν
376 822 548 915 φωνήσασ’
567 831 646 892 έπεα
666 826 846 916 πτερόεντα
867 828 1048 916 προσηύδα.

164 937 198 991 35
224 933 275 992 «ελ
296 925 326 991 δ’
342 923 400 1012 ἀγε
423 925 465 1009 δή
486 955 559 1014 μοι,
580 941 666 1016 μαῖα
689 934 786 1022 φίλη,
808 937 964 1019 νημερτές
984 938 1120 1016 ἐνίσπες,

218 1036 245 1095 εί
266 1024 357 1094 ἐτεόν
378 1027 421 1112 δή
444 1028 535 1100 οἶκον
556 1030 719 1113 ἱκάνεται,
742 1032 785 1112 ὡς
807 1032 981 1122 ἀγορεύεις,

216 1128 330 1209 ὅππως
352 1127 394 1212 δὴ
415 1137 620 1224 μνηστῆρσιν
642 1136 792 1202 ἀναιδέσι
814 1149 927 1224 χεῖρας
950 1143 1069 1227 ἐφῆκεν

215 1236 339 1319 μοῦνος
361 1233 437 1318 ἐάν,
460 1244 492 1305 οῖ
514 1239 544 1306 δ’
561 1243 632 1307 αίέν
652 1238 901 1316 ἀολλέεςένδον
923 1244 1106 1325 ἔμιμνον».

259 1334 320 1420 τήν
343 1330 374 1405 δ’
391 1332 468 1408 αύτε
489 1349 661 1431 προσέειπε
683 1346 766 1432 φίλη
789 1337 915 1432 τροφός
938 1341 1117 1430 Εὐρύκλεια

162 1451 198 1504 40
223 1441 308 1508 «οὐκ
328 1441 416 1523 ίδον,
439 1443 479 1510 οὐ
499 1444 675 1531 πυθόμην,
698 1439 784 1510 ἀλλά
807 1443 926 1512 στόνον
949 1441 1020 1512 οἷον
1043 1441 1169 1513 ἄκουσα
1231 1448 1234 1454 ’

215 1552 445 1630 κτεινομένων·
467 1547 565 1634 ἡμεῖς
583 1551 618 1614 δέ
639 1549 732 1634 μυχῷ
754 1545 922 1633 θαλάμων
944 1545 1109 1630 εὐπήκτων
1196 1601 1199 1606 ·

215 1643 319 1732 ἥμεθ’
338 1647 548 1736 ἀτυζόμεναι,
571 1655 702 1728 σανίδες
725 1648 844 1744 δἀέχον
867 1643 907 1718 εὐ
924 1650 1089 1741 ἀραρυῖαι,

214 1753 293 1835 πρίν
314 1749 347 1835 γ’
361 1748 415 1818 ὅτε
438 1751 479 1833 δή
499 1778 541 1838 με
565 1749 624 1831 σός
645 1748 716 1830 υίὸς
737 1750 804 1825 ἀπὸ
827 1751 985 1842 μεγάροιο
1008 1753 1165 1822 κάλεσσεν

163 1895 168 1907 .
221 1855 426 1939 Τηλέμαχος·
449 1851 508 1921 τὸν
530 1854 594 1944 γάρ
617 1859 662 1940 ῥα
683 1851 793 1942 πατήρ
815 1862 953 1938 προέηκε
975 1859 1142 1922 καλέσσαι.

161 1964 196 2014 45
216 1948 310 2043 εὗρον
332 1952 428 2024 ἔπειτ’
445 1955 590 2037 Ὀδυσῆα
610 1952 694 2043 μετὰ
715 1962 908 2041 κταμένοισι.
927 1963 1074 2026 νέκυσσιν

213 2055 374 2124 ἑσταόθ’·
398 2065 430 2124 οῖ
453 2061 489 2124 δέ
510 2053 571 2145 μιν
589 2059 679 2151 ἀμφί
685 2110 693 2140 ,
715 2047 936 2152 κραταίπεδον
958 2053 1059 2139 οὐδας
1082 2066 1215 2148 ἔχοντες,

213 2160 314 2227 κείατ’
334 2159 384 2227 ἐπ’
404 2159 611 2244 ἀλλήλοισιν·
634 2160 752 2230 ἰδοῦσά
773 2188 808 2229 κε
832 2160 946 2247 θυμόν
968 2163 1100 2247 ἰάνθης.

212 2267 273 2330 νῦν
296 2263 374 2332 δὀἱ
395 2269 456 2351 μὲν
477 2261 519 2346 δή
541 2262 661 2343 πάντες
682 2265 733 2330 ἐπ’
753 2264 900 2356 αὐλείῃσι
921 2263 1065 2358 θύρῃσιν

161 2385 196 2437 5ο
215 2366 356 2455 ἀθρόοι,
378 2364 487 2456 αὐτάρ
509 2367 527 2434 ὁ
551 2370 645 2452 δῶμα
668 2370 839 2436 θεειοῦται
860 2371 1058 2456 περικαλλές,

213 2473 277 2557 πῦρ
299 2476 385 2556 μέγα
406 2468 584 2556 κηάμενος·
607 2474 643 2538 σὲ
666 2472 700 2536 δέ
722 2495 762 2556 με
784 2477 922 2559 προέηκε
945 2474 1111 2538 καλέσσαι.
1154 2547 1158 2552 ,
1189 2545 1191 2550 ,

213 2571 286 2639 ἀλλ’
305 2582 393 2654 έπευ,
416 2571 508 2666 ὅφρα
532 2568 638 2666 σφῶιν
659 2571 864 2666 ἐυφροσύνης
886 2577 1042 2659 ἐπιβῆτον

213 2675 390 2768 ἀμφοτέρω
414 2683 515 2770 φίλον
538 2670 636 2767 ἦτορ,
659 2682 728 2744 ἐπεὶ
748 2673 836 2743 κακά
857 2673 965 2744 πολλά
986 2682 1146 2748 πέποσθε.

212 2781 273 2844 νῦν
294 2778 324 2847 δ’
343 2775 407 2862 ήδη
429 2779 504 2849 τόδε
525 2776 655 2869 μακρόν
676 2784 793 2869 ἐέλδωρ
819 2785 1052 2864 ἐκτετέλεσται·

160 2903 194 2954 55
213 2874 300 2961 ἦλθε
321 2886 381 2969 μὲν
404 2880 503 2962 αὐτὸς
524 2882 605 2964 ζωὸς
626 2889 790 2974 ἐφέστιος,
814 2875 885 2972 εὗρε
908 2886 941 2950 δὲ
964 2888 1020 2950 καὶ
1042 2891 1078 2950 σέ

212 2987 268 3051 καὶ
289 2985 382 3053 παῖδ’
402 2993 437 3053 έν
458 2983 646 3076 μεγάροισι·
668 2988 774 3074 κακῶς
796 2985 826 3050 δ’
847 2991 885 3050 οῖ
901 2991 961 3070 πέρ
983 3008 1040 3069 μιν
1062 2987 1170 3071 ἐρεζον

211 3091 407 3174 μνηστῆρες,
429 3084 506 3163 τούς
526 3084 654 3162 πάντας
676 3077 810 3152 ἐτίσατο
833 3077 859 3168 ᾧ
882 3090 929 3151 ἐνί
953 3085 1061 3169 οίκφ.»
1149 3097 1154 3104 “

255 3185 316 3270 τήν
338 3189 365 3259 δ’
386 3180 463 3258 αὖτε
485 3193 656 3309 προσέειπε
678 3191 846 3276 περίφρων
869 3185 1081 3268 Πηνελόπεια

218 3301 324 3376 «μαῖα
346 3295 443 3382 φίλη,
464 3316 511 3378 μη
528 3315 584 3374 ,πω
605 3287 826 3376 μέγ’,ἐπεύχεο
849 3287 1077 3377 καγχαλόωσα.

160 3410 194 3460 50
213 3390 320 3458 οἶσθα
341 3390 405 3482 γάρ
428 3391 472 3472 ὥς
492 3392 521 3460 κ’
541 3389 712 3472 ἀσπαστὸς
732 3398 781 3460 ἐνὶ
802 3389 983 3488 μεγάροισι
998 3399 1118 3484 φανείη
1197 3409 1203 3445 '·
1234 3405 1257 3482 :3

211 3497 303 3575 πᾶσι,
324 3493 469 3580 μάλιστα
491 3496 520 3563 δ’
539 3502 613 3584 έμοί
634 3523 668 3564 τε
690 3502 746 3563 καὶ
768 3503 843 3578 υἱέι,
865 3493 924 3564 τόν
946 3497 1151 3582 τεκόμεσθα·
1210 3537 1213 3560 1

212 3597 285 3664 ἀλλ’
306 3597 365 3665 οὐκ
387 3599 463 3665 ἔσθ’
483 3597 540 3692 ὅδε
561 3602 674 3685 μῦθος
695 3597 865 3685 ἐτήτυμος,
892 3599 935 3676 ὡς
957 3598 1130 3687 ἀγορεύεις,
1159 3679 1161 3684 ,

213 3698 299 3766 ἀλλά
320 3726 368 3779 τις
390 3699 699 3786 ἀθανάτωνικτεῖνε
720 3707 911 3788 μνηστῆρας
933 3699 1085 3786 ἀγαυούς,

211 3801 307 3893 ὐβριν
329 3803 561 3891 ἀγασσάμενος
583 3807 761 3890 θυμαλγέα
785 3808 842 3870 καὶ
864 3801 950 3870 κακά
971 3809 1059 3894 ἔργα.

160 3921 193 3972 55
213 3903 252 3974 οὐ
274 3933 348 3976 τινα
370 3904 435 3996 γάρ
451 3911 585 3996 ,τίεσκον
606 3911 808 3994 ἐπιχθονίων
830 3906 1026 3994 ἀνθρώπων,
1115 3933 1118 3937 ·

248 4136 283 4188 48
302 4138 396 4206 αῖματι
413 4139 456 4188 καὶ
474 4131 565 4207 λύθρῳ
584 4133 832 4232 πεπαλαγμένονὶύς
851 4157 877 4190 τε
897 4139 994 4190 λέοντα.
