3259 4917
330 505 386 561 828
709 501 949 562 ΟΔῩΣΣΕΙΔΣ
982 503 1013 560 X

274 661 319 728 λλ
340 663 531 748 Τηλέμαχος
551 655 738 727 κατόπισθε
759 654 875 746 βαλάν
894 657 1053 748 χαλκήρεϊ
1073 662 1167 749 δουρί

334 759 431 850 ἀμων
451 760 630 851 μεσσηγύς,
653 759 710 830 διά
731 766 766 832 δὲ
787 760 980 854 στήθεσφιν
1001 766 1154 830 ἔλασσεν·

334 865 498 950 δούπησεν
519 871 557 938 δὲ·
575 864 698 947 πεσοίν,
718 862 834 953 χθόνα
858 865 887 933 δ’
905 861 1009 946 ήλασε
1031 870 1131 934 παντί
1153 863 1302 954 μετώπῳ.

283 986 317 1040 05
341 975 533 1060 Τηλέμαχος
554 970 584 1039 δ’
599 966 782 1060 ἀπόρουσε,
803 965 907 1038 λιπάν
929 967 1135 1057 δολιχόσκιον
1156 974 1250 1057 ἔγχος

335 1074 439 1144 αὐτοῦ
460 1084 496 1144 ἔν
508 1071 716 1166 Ἀμφινόμῳ·
737 1077 812 1162 περὶ
833 1069 897 1164 γάρ
921 1076 969 1140 δίε
990 1070 1038 1160 μή
1059 1100 1110 1152 τις
1121 1073 1259 1162 Ἀχαιῦν

335 1183 429 1268 ἔγχος
450 1175 669 1266 ἀνελκόμενον
691 1175 898 1264 δολιχόσκιον
919 1174 942 1259 ή
964 1174 1109 1246 ἐλάσειεν

335 1281 499 1375 φασγάνῳ
520 1283 617 1365 ἀίξας
638 1280 675 1364 ήέ
696 1285 885 1369 προπρηνέα
898 1278 1017 1374 τόφας.

334 1389 382 1471 βῆ
403 1391 438 1455 δὲ
459 1391 568 1467 θέειν,
589 1383 688 1471 μάλα.
704 1383 735 1453 δ’
750 1377 820 1453 ὦκα
842 1389 943 1478 φίλον
964 1382 1078 1472 πατέρ’
1099 1387 1319 1476 εἰσαφίκανεν,

268 1509 319 1561 100
337 1489 442 1576 ἀγχοῦ
464 1489 494 1557 δ’
510 1485 687 1574 ἱστάμενος
707 1491 786 1556 ἔπεα
807 1485 986 1577 πτερόεντα
1008 1484 1190 1578 προσηύδα.

343 1585 392 1657 «ὦ
412 1590 530 1683 πάτερ,
552 1589 617 1672 ήδη
640 1615 692 1658 τοι
713 1588 815 1671 σάκος
838 1591 917 1659 οίσω
938 1594 995 1658 καί
1017 1589 1076 1658 δύο
1099 1594 1196 1682 δοῦρε

335 1698 393 1764 καὶ
413 1699 530 1778 κυνέην
550 1691 757 1782 πάγχαλκον,
779 1698 833 1762 ἐπὶ
854 1691 1036 1786 κροτάφοις
1057 1694 1229 1784 ἀραρυῖαν,

337 1795 437 1877 αὐτός
458 1798 488 1866 τ’
508 1797 762 1891 ἀμφιβαλεῦμαι
782 1794 857 1877 λόει,
879 1795 974 1864 δάσο
995 1799 1029 1865 δὲ
1051 1796 1180 1892 συβώτη

336 1905 392 1970 καὶ
413 1904 461 1988 τῷ
482 1899 633 1988 βουκόλῳ
654 1899 758 1968 ἀλλα·
778 1905 1001 1988 τετευχῆσθαι
1021 1898 1086 1992 γάρ
1109 1899 1274 1989 ἀμεινον.»

269 2022 319 2075 105
381 2002 442 2073 τάν
464 2005 494 2072 δ’
513 2002 779 2093 ἀπαμειβόμενος
799 2009 951 2095 προσέφη
971 2003 1153 2092 πολύμητις
1168 2005 1343 2088 Ὀδυσσεύς

344 2106 438 2177 «οἶσε
459 2112 568 2189 θέων,
590 2109 671 2189 εῖός
684 2135 742 2198 μοι
764 2106 957 2195 ἀμύνεσθαι
977 2107 1057 2196 πάρ’
1077 2108 1191 2191 ὀιστοί,

229 2259 232 2267 ·
337 2209 385 2299 μή
406 2211 442 2300 μΙ
461 2210 682 2295 ἀποκινήσωσι
705 2211 847 2303 θυράων
867 2213 992 2299 μοῦνον
1013 2209 1144 2280 ἐόντα.»

383 2311 426 2395 ἀς
448 2311 553 2407 φάτο,
582 2320 774 2404 Τηλέμαχος
795 2319 831 2384 δὲ
854 2317 941 2407 φίλρι
963 2318 1158 2384 ἐπεπείθετο
1180 2320 1290 2405 πατρί,

337 2421 385 2504 βῆ
406 2418 435 2486 δ’
451 2419 561 2505 ἔμεναι
581 2418 787 2508 θάλαμόνδ’,
811 2417 875 2488 ὅθι
898 2425 929 2487 οἱ
952 2415 1053 2487 κλυτά
1069 2418 1189 2508 τείχεα
1209 2430 1306 2490 κεῖτο.

271 2534 321 2586 110
339 2525 440 2588 ἔνθεν
460 2530 607 2613 τέσσαρα
627 2528 688 2612 μὲν
710 2522 800 2590 σάκε’
819 2523 920 2604 ἔξελε,
941 2519 1090 2611 δοῦρατα
1112 2523 1142 2592 δ’
1162 2521 1247 2592 ἀκταί

338 2627 396 2691 καὶ
415 2629 557 2714 πίσυρας
577 2632 692 2706 κυνέας
709 2624 896 2713 χαλκήρεας
917 2628 1150 2706 ἱπποδασείας·

338 2728 442 2813 βή-δὲ
465 2734 589 2819 φέρον,
611 2726 703 2816 μάλα
726 2729 754 2797 δ
775 2722 844 2795 ἀκα
867 2731 968 2820 φίλον
987 2731 1102 2819 πατέρ’
1122 2734 1341 2824 ελοαφίκανεν,

340 2826 440 2908 αῦτάς
461 2832 496 2899 δὲ
516 2828 683 2921 πράτιστα
704 2836 778 2921 περὶ
796 2836 874 2921 χρολ
896 2829 1010 2902 δῦσετο
1029 2831 1165 2920 χαλκόν.-

340 2921 384 3013 ολς
406 2934 436 3000 δ’
455 2930 562 3015 αῦτως
582 2931 627 3004 τά
649 2938 737 3024 δμῶε
758 2935 908 3018 δυέσθην
928 2934 1043 3023 τεόχεα
1065 2935 1162 3020 καλά,
1353 3018 1359 3034 .

271 3053 322 3107 115
340 3041 440 3106 ἔσταν
462 3038 492 3106 δ’
510 3039 597 3133 ἀμφ’
612 3041 758 3123 Ὀδυσῆα
779 3043 947 3134 δαΐφρονα
968 3040 1214 3129 ποικιλομήτην.
1320 3111 1325 3116 ,

341 3137 447 3230 αῦτάρ
470 3139 490 3208 ό
511 3142 556 3229 γ’,
579 3139 672 3235 όφρα
693 3150 753 3230 μὲν
775 3143 864 3229 αὐτῷ
887 3141 1078 3229 ἀμύνεσθαι
1100 3149 1180 3212 ἔσαν
1202 3149 1256 3227 λοί,

339 3241 452 3334 τόφρα
472 3244 749 3334 μνηστήρωνένα
771 3247 803 3334 γ’
821 3253 886 3316 αῖεὶ
908 3241 934 3334 ᾦ
957 3252 1005 3315 ἔνὶ
1028 3247 1105 3333 οίκηι

340 3341 443 3430 βάλλε
464 3345 708 3433 τιτυσκόμενος·
730 3354 783 3418 τοὶ
805 3351 835 3416 δ’
859 3351 1043 3439 ἀγχιστῖνοι
1064 3355 1207 3420 ἔπιπτον.

341 3445 447 3539 αῦτάρ
470 3453 539 3518 ἐπεὶ
559 3455 657 3520 λίπον
679 3455 726 3520 λολ
747 3452 938 3522 ὀιστεύοντα
959 3448 1096 3534 ἀνακτα,

273 3573 324 3625 120
340 3551 439 3636 τόξον
459 3559 521 3642 μὲν
541 3552 625 3648 πρός
645 3554 805 3644 σταθμὸν
833 3562 1016 3636 ἐυσταθέος
1036 3556 1194 3645 μεγάροιο
1254 3593 1257 3598 ·
1301 3611 1304 3619 .
1356 3588 1361 3592 ·

343 3655 438 3725 ἔκλιν’
456 3655 647 3747 ἑστάμεναι,
668 3657 752 3751 πρὸς
766 3659 896 3729 ἔνεόπισι
917 3659 1181 3754 παμφανόωντα,

343 3755 443 3839 αὐτός
465 3760 495 3828 δ’
514 3762 599 3856 ἀμφ’
618 3757 738 3850 ἀμοισι
758 3761 861 3844 σάκος
881 3769 965 3834 θέτο
989 3770 1266 3854 τετραθέλυμνον,

342 3868 439 3954 κρατὶ
460 3867 491 3931 δ’
512 3864 562 3933 ἐπ’
581 3871 716 3959 ἰφθίμῳ
737 3864 1027 3950 κυνέηνείίτνκτον
1049 3873 1182 3951 ἔθηκεν,-

343 3971 513 4056 ίππουριν·
534 3966 644 4037 δεινὸν
664 3973 700 4038 δὲ
721 3968 828 4065 λόφος
849 3969 1069 4062 καθύπερθεν
1091 3977 1224 4041 ἔνευεν·-

277 4086 325 4138 125
344 4076 447 4140 είλετο
470 4068 501 4140 δ’
520 4066 643 4159 ἀλκιμα
664 4076 761 4164 δοῦρε
783 4073 848 4145 δύο
870 4079 1099 4165 κεκορυθμένα
1117 4078 1239 4165 χαλκῷ.
