3259 4917
274 569 280 581 ι
321 531 357 583 44
707 530 943 589 ΟΔΥΣΣΕἸΑΣ
969 532 991 583 Γ

274 680 308 751 3⁰
323 681 454 771 κύματ’·
477 680 563 772 ἀτάρ
585 682 645 763 τάς
666 690 760 751 πέντε
782 690 859 763 νέας
877 687 1163 774 κυανοπρωρείους

253 800 304 853 300
322 786 480 875 Αλγύπτφ
502 790 660 857 ἐπέλασσε
683 794 793 879 φέρων
812 785 937 875 ’ἄνεμός
959 812 994 854 τε
1015 790 1070 865 καί
1093 783 1190 875 ὕδωρ.

323 886 366 970 ιδς
388 890 406 957 ὁ
428 890 489 977 μέν
511 894 599 963 ένθα
621 888 724 961 πολόν
745 894 864 978 βίοτον
884 896 943 959 καὶ
958 886 1083 979 χρυσόν
1105 889 1246 975 ἀγείρων
1371 928 1381 937 -

321 993 425 1075 ήλᾶτο
449 989 507 1073 ξὺν
527 998 623 1075 νηυσὶ
645 994 721 1061 κατ’
736 992 947 1082 ἀλλοθρόους
968 990 1186 1082 ἀνθρώπους·
1283 1046 1287 1051 -

321 1094 432 1188 τόφρα
454 1098 488 1163 δὲ
509 1096 600 1163 ταῦτ’
621 1097 791 1183 Αέγισθος
813 1095 959 1182 ἐμήσατο
982 1097 1098 1164 ολκοθι
1117 1095 1230 1187 λυγρά,

321 1205 449 1277 κτείνας
468 1200 648 1288 Ἀτρείδην,
670 1202 811 1289 δέδμητο
834 1202 870 1267 δέ
892 1194 974 1275 λαός
993 1198 1048 1267 ὑπ’
1068 1199 1166 1287 αὐτῷ.

185 1298 188 1307 “
253 1300 472 1381 υυὸέπτάετες
494 1302 522 1369 δ’
538 1299 662 1383 ήνασσε
684 1300 904 1391 πολυχρύσοιο
929 1299 1103 1383 Μυκήνης·

320 1409 368 1491 τῷ
390 1409 424 1473 δέ
448 1412 480 1473 οὶ
503 1402 652 1490 ὀγδοάτῳ
674 1402 776 1475 κακὸν
797 1400 906 1486 ήλυθε
928 1406 1000 1482 δίας
1018 1404 1179 1495 Ὀρέστης.

322 1505 374 1598 ἀιμ
397 1508 454 1575 ἀπ’
472 1505 663 1589 Ἀθηνάων,
685 1503 770 1577 κατά
793 1507 823 1574 δ’
839 1512 951 1575 ἔκτανε
971 1514 1203 1600 πατροφονῆα,

195 1622 199 1633 ’
320 1612 494 1697 Αἴγισθον
515 1608 707 1701 δολόμητιν,
729 1608 748 1677 ὅ
772 1616 804 1679 οἱ
825 1616 953 1701 πατέρα
974 1607 1093 1679 κλυτόν
1113 1616 1201 1679 έκτα.

322 1711 396 1797 ήτοι
418 1714 436 1781 ό
459 1711 518 1783 τόν
539 1718 668 1792 κτείνας
690 1718 785 1783 δαίνυ
806 1712 919 1806 τάφον
937 1715 1130 1802 Ἀργείοισιν

253 1827 304 1879 310
321 1814 446 1908 μητρός
467 1844 500 1885 τε
523 1823 680 1905 στυγερῆς
700 1823 757 1885 καὶ
777 1815 1176 1904 ἀνάλκιδοςΛέγίσθοιο·

321 1922 474 2010 αὐτῆμαρ
497 1925 531 1988 δέ
555 1928 587 1988 οί
608 1914 700 2002 ῆλθε
717 1918 804 2007 βοήν
825 1917 962 2006 ἀγαθός
983 1925 1165 2000 Μενέλαος,

320 2023 428 2092 πολλοὶ
450 2023 590 2111 κτήματ’
611 2020 715 2111 ἀγων,
739 2020 804 2091 ὅσα
826 2022 949 2121 οἱινέές
970 2021 1082 2112 ἀχθος
1103 2020 1227 2110 ἄειραν.

321 2132 377 2195 καὶ
398 2126 453 2210 σε’,
476 2132 588 2221 φίλος,
610 2122 656 2215 μή
679 2123 775 2207 δηθά
797 2125 908 2212 δόμων
929 2123 997 2196 ἀπο
1018 2125 1092 2208 τῆλ’
1111 2125 1270 2207 ἀλάλησο,

320 2230 471 2319 κτήματά
493 2258 527 2300 τε
549 2225 723 2321 προλωτάν,
739 2226 865 2320 ἀνδρας
886 2230 916 2297 τ’
936 2238 972 2306 έν
992 2227 1258 2316 σοῖσιδόμοιοιν

252 2347 303 2398 315
322 2334 406 2404 οὕτω
427 2333 663 2428 ὑπερφιάλους,
685 2332 732 2422 μή
753 2358 806 2401 τοι
828 2329 913 2401 κατά
934 2333 1046 2422 πάντα
1068 2329 1221 2425 φάγωσιν
1320 2367 1322 2370 v

248 2518 250 2530 1
321 2437 471 2525 κτήματα
494 2437 712 2524 δασσάμενοι,
735 2434 776 2505 οὐ
798 2442 833 2505 δέ
855 2442 994 2520 τηϋσίην
1015 2434 1097 2505 ὁδόν
1119 2438 1230 2527 ἔλθῃς.

321 2543 393 2609 ἀλλ’
414 2551 446 2619 ές
467 2546 527 2627 μὲν
552 2546 725 2612 Μενέλαον
748 2540 811 2627 έγά
830 2545 968 2627 κέλομαι
987 2545 1045 2609 καὶ
1067 2536 1192 2625 ἀνωγα·

321 2648 450 2711 ἐλθεῖν·
473 2654 578 2722 κεῖνος
599 2640 663 2732 γάρ
682 2650 762 2712 νέον
783 2640 933 2714 ἀλλοθεν
955 2642 1159 2725 ελλήλουθεν,

321 2754 356 2814 έκ
377 2751 442 2815 τῶν
464 2744 654 2837 ἀνθρώπων
675 2744 762 2817 ὅθεν
783 2748 842 2817 οὐκ
863 2745 994 2827 ἔλποιτό
1009 2772 1053 2834 ,γε
1075 2750 1178 2833 θυμῷ

253 2858 304 2911 ³²0
322 2853 478 2937 ἐλθέμεν,
501 2846 540 2918 όν
562 2874 636 2917 τινα
657 2855 789 2939 πρῶτον
811 2850 1051 2943 ἀποσφήλωσιν
1072 2846 1188 2917 ἀελλαι

322 2962 354 3033 ές
374 2957 518 3040 πέλαγος
538 2961 623 3041 μέγα
644 2966 750 3038 τοῖον,
774 2952 860 3023 ὅθεν
873 2961 915 3022 Ἰτέ
936 2980 998 3042 περ
1021 2953 1091 3021 οὐδ’
1112 2956 1224 3021 οἰωνοί

321 3055 471 3136 αὐτόετες
493 3063 667 3146 οἰχνεῦσιν,
690 3063 758 3127 ἐπεὶ
779 3067 864 3145 μέγα
887 3083 921 3125 τε
943 3054 1052 3125 δεινόν
1072 3082 1117 3125 τε.

295 3151 300 3161 ’
321 3162 394 3229 ἀλλ’
414 3162 469 3229 ’ίθι
490 3167 549 3231 νῦν
572 3158 632 3237 σὺν
652 3168 708 3243 νηί
729 3186 764 3229 τε
787 3166 828 3254 σῇ
850 3166 906 3229 καὶ
928 3172 1001 3239 οοίς
1021 3159 1203 3249 ἑτάροισιν*

322 3272 349 3332 εί
371 3265 400 3331 δ’
416 3266 544 3343 ἐθέλεις
564 3262 673 3344 πεζός,
694 3264 793 3351 πάρα,
809 3288 861 3333 τοι
881 3268 1001 3357 δίφρος
1021 3288 1056 3330 τε
1077 3263 1259 3341 καλέπποι,

252 3376 303 3429 325
320 3363 388 3456 πάρ
412 3368 446 3433 δέ
468 3391 521 3433 τοι
542 3363 609 3443 υἷες
630 3372 718 3453 έμοί,
745 3374 781 3435 οί
800 3394 853 3435 τοι
871 3373 1022 3453 πομπῆες
1042 3372 1176 3440 έσονται

321 3480 354 3551 ές
374 3472 615 3557 Λακεδαίμονα
637 3472 726 3552 δῖαν,
743 3469 818 3538 όθι
833 3467 968 3552 ξανθὸς
991 3475 1172 3548 Μενέλαος.
1283 3531 1288 3537 .

320 3578 500 3645 λίσσεσθαι
522 3578 562 3643 δέ
579 3597 636 3660 μιν
658 3572 771 3657 αὐτός,
794 3580 850 3642 ἴνα
871 3578 1027 3663 νημερτές
1047 3575 1171 3666 ένίσπη.
1279 3657 1287 3669 ι

320 3683 444 3770 ψεῦδος
465 3678 569 3747 δὀὐκ
591 3684 685 3767 έρέει·
711 3676 803 3768 μάλα
826 3675 890 3765 γάρ
911 3683 1115 3764 πεπνυμένος
1136 3682 1256 3743 ἐστίν.»

364 3780 407 3861 ιδς
428 3783 536 3875 ἔφατ’,
558 3782 666 3865 ήέλιος
688 3783 717 3849 δ’
732 3779 787 3869 ἀρ’
806 3784 862 3849 έδυ
883 3785 940 3847 καὶ
962 3785 1016 3849 ἐπὶ
1036 3786 1161 3871 κνέφας
1181 3772 1300 3861 ἦλθεν.

251 3888 303 3945 ³³⁰
320 3897 408 3955 τοῖσι
429 3888 464 3953 δὲ
485 3890 541 3963 καὶ
562 3892 706 3971 μετέειπε
728 3882 797 3952 θεά
820 3888 1005 3971 γλαυκῶπις
1024 3882 1154 3966 Ἀθήνη

243 4000 247 4007 ’
328 3982 375 4057 τό
396 3996 508 4079 γέρον,
529 3984 604 4070 ήτοι
624 3994 730 4057 ταῦτα
751 3985 836 4055 κατά
857 3997 980 4079 μοῖραν
1001 3988 1190 4069 κατέλεξας·
1310 3996 1315 4003 ’

320 4092 396 4161 ἀλλ’
414 4087 473 4179 άγε
495 4089 635 4179 τάμνετε
654 4098 715 4179 μὲν
735 4091 902 4178 γλώσσας,
923 4090 1095 4182 κεράασθε
1117 4095 1152 4160 δὲ
1173 4087 1277 4170 οἶνον,
