3259 4917
596 579 834 646 ΟΔΥΣΣΕΙΛΣ
863 583 887 638 θ

159 736 182 802 8
211 735 427 821 Ναυβολίδης
449 736 498 816 θ’,
521 731 559 814 ὃς
580 732 715 865 ἀριστος
736 741 794 820 έην
816 703 903 817 ελδός
923 763 958 804 τε
981 739 1083 823 δέμας
1103 759 1138 806 τε

211 835 347 906 πάντων
373 835 530 920 Φαιήκων
551 841 622 928 μετ’
642 838 796 964 ἀμύμονα
818 840 1062 928 Λαοδάμαντα.

212 931 259 1008 ἀν
278 940 310 1008 δ’
330 945 430 1044 έσταν
451 951 537 1030 τρεῖς
557 942 713 1022 παῖδες’
695 940 865 1029 ἀμύμονος
883 941 1072 1024 Ἀλκινόοιο,

213 1042 407 1133 Λαοδάμας
429 1047 471 1111 θ’
488 1042 594 1123 Ἅλιός
615 1070 650 1112 τε
675 1050 733 1113 καὶ
755 1045 914 1123 ἀντίθεος
935 1042 1136 1128 Κλυτόνηος.

142 1155 195 1209 120
214 1155 246 1216 οἱ
270 1143 342 1215 δ’”
320 1173 394 1229 ητοι
415 1151 627 1236 πρῶτονμὲν
650 1146 867 1235 ἐπειρήσαντο
888 1145 1054 1216 πόδεσσιν.

212 1261 301 1320 τοῖσι
323 1251 354 1316 δ’
374 1246 441 1318 ἀπὸ
463 1247 586 1332 νύσσης
606 1255 723 1316 τέτατο
746 1247 885 1339 δρόμος·
908 1249 940 1318 66
963 1250 993 1318 δ’
1012 1248 1086 1340 ἀμα
1105 1250 1235 1333 πάντες

212 1357 426 1443 καρπαλίμως
448 1359 602 1434 ἐπέτοντο
624 1356 789 1432 κονίοντες
809 1355 947 1421 πεδίοιο.
1053 1399 1061 1410 .

212 1461 279 1525 τῶν
301 1460 336 1526 δέ
357 1459 452 1523 θέειν
475 1451 524 1544 ὄχ’
543 1451 678 1544 ἀριστος
700 1459 757 1538 έην
778 1450 973 1538 Κλυτόνηος
993 1453 1147 1545 ἀμύμων·

214 1557 318 1628 ὅσσον
339 1559 365 1628 τ’
385 1566 421 1626 έν
443 1562 517 1644 νειῷ
540 1549 641 1646 οὖρον
662 1562 752 1630 πέλει
773 1556 947 1646 ἡμιόνοιιν,
988 1571 991 1580 “

143 1674 196 1728 125
215 1660 595 1750 τόσσον’“δπεκπροθέων
617 1659 718 1740 λαοὺς
740 1663 837 1744 ίκεθζ
859 1668 891 1730 οί
913 1661 946 1730 δ’
965 1664 1130 1734 ἐλίποντο.

214 1771 247 1834 οἱ
270 1767 305 1850 δὲ
327 1762 576 1851 παλαιμοσύνης
598 1763 765 1850 ἀλεγεινῆς
785 1764 1002 1859 πειρήσαντο·

212 1872 253 1962 τῇ
275 1867 305 1935 δ’
324 1861 396 1935 ἀὖτ’
416 1867 588 1958 Εὐρύαλος
609 1866 806 1936 ἀπεκαίνυτο
829 1866 958 1948 πάντας
979 1867 1143 1958 ἀρίστους.

212 1971 339 2059 ἅλματι
360 1970 390 2038 δ’
408 1972 591 2062 Ἀμφίαλος
611 1969 747 2040 πάντων
767 1977 1035 2063 προφερέστατος
1056 1966 1130 2054 ήεν·

213 2079 315 2160 δίσκῳ
337 2073 366 2140 δ’
387 2067 431 2142 αὖ
450 2071 593 2142 πάντων.
605 2071 690 2150 πολύ
705 2079 877 2167 ’φέρτατος
898 2066 956 2158 ήεν
972 2063 1154 2163 Ἐλατρεύς,

143 2190 196 2243 130
214 2174 278 2258 πύξ
301 2176 331 2244 δ’
347 2169 390 2244 αὖ
410 2173 760 2263 Λαοδάμαςιάμαθάς
781 2189 861 2263 παῖς
879 2175 1067 2244 Ἀλκινόοιο.
1085 2195 1089 2201 ’

214 2277 321 2369 αύτάρ
343 2283 412 2346 έπεὶ
434 2274 475 2360 δή
497 2277 617 2357 πάντες
638 2284 855 2370 ἐτέρφθησαν
876 2279 968 2369 φρέν’
988 2278 1136 2361 ἀέθλοις,

213 2395 284 2463 τοῖς
306 2380 374 2472 ἀρα
396 2377 589 2466 Λαοδάμας
610 2386 741 2472 μετέφη,
756 2390 837 2459 παῖς
855 2378 1033 2448 Ἀλκινόοιο
1239 2382 1247 2398 ‘

221 2491 348 2568 «δεῦτε,
371 2488 496 2578 φίλοι,
487 2480 561 2552 τόν
583 2482 690 2564 ξεῖνον
712 2481 869 2575 ἐρώμεθα
891 2483 922 2552 εί
940 2510 992 2554 τιν
997 2480 1151 2561 ’άεθλον
1227 2556 1231 2567 ,

215 2587 282 2659 οἶδέ
269 2597 340 2657 έτε
361 2593 418 2656 καὶ
441 2583 585 2668 δεδάηκε.
616 2585 722 2716 φυήν
726 2613 762 2674 με
784 2592 844 2676 μὲν
868 2585 908 2654 ού
928 2584 1028 2666 κακός
1049 2595 1145 2671 εστιν,

146 2712 196 2764 135
214 2690 341 2784 μηρούς
362 2718 395 2760 τε
417 2688 544 2776 κνήμας
565 2716 600 2758 τε
621 2695 677 2760 καὶ
699 2688 801 2782 ἀμφω
820 2697 934 2779 χεῖρας
954 2689 1101 2782 ὕπερθεν

215 2797 336 2885 αὐχένα
359 2820 393 2862 τε
414 2789 680 2888 στιβαρδνμιέμα
702 2821 736 2874 τε
759 2799 898 2874 σθένος·
922 2793 997 2870 οὐδέ
1019 2821 1052 2862 τι
1072 2793 1157 2882 ήβης

215 2898 357 2979 δεύεται,
378 2893 464 2963 ἀλλά
486 2906 615 2966 κακοισι
636 2905 851 3022 συνέρρηκται
871 2902 1052 2966 πολέεσσιν.
1139 2936 1143 2947 ι
1187 2943 1190 2950 -

215 3003 257 3072 ού
277 2999 341 3090 γάρ
364 3005 460 3090 ἔγωγέ
482 3003 515 3068 τί
537 3025 625 3092 φημι
644 2999 828 3090 κακώτερον
849 2997 932 3070 ἀλλο
953 2997 1134 3090 θαλάσσης

215 3102 323 3230 ἀνδρα
345 3129 381 3189 με
404 3106 571 3190 συγχεῦαι,
595 3110 622 3170 ελ
642 3109 699 3170 καὶ
719 3101 815 3188 μάλα
832 3099 1062 3227 καρτερδςη
1013 3101 1093 3206 εί.»

150 3220 198 3273 110
260 3205 321 3276 τὸν
343 3206 372 3273 δ’
390 3199 452 3274 αὖτ
456 3203 654 3295 Ἐὐρύαλος
676 3205 879 3330 ἀπαμείβετρ
901 3197 1053 3296 φώνησέν
1073 3230 1108 3272 τε

222 3306 431 3396 «Λαοδάμα,
458 3306 551 3395 μάλα
572 3313 670 3376 τοῦτο
693 3312 770 3387 έπος
790 3303 877 3375 κυτά
897 3317 1021 3399 μοιραν
1043 3313 1151 3388 έειπες.
1159 3338 1178 3377 1».

261 3409 366 3502 αάτάρ
389 3416 457 3479 ἐπεὶ
480 3410 571 3500 τόγ’
590 3407 694 3481 άκουσ
697 3408 861 3498 ’ἀγαθός
876 3422 959 3492 παῖς
977 3410 1168 3494 Ἀλκινόοιο,

152 3599 155 3608 y
216 3521 280 3600 στῆ
301 3516 333 3605 ῥ’
352 3523 385 3594 ἐς
406 3520 530 3600 μέσσον
552 3512 609 3584 λάν
632 3521 687 3585 καὶ
706 3515 873 3598 Ὀδυσσῆα
894 3521 1087 3604 προσέειπεν

150 3632 199 3684 145
223 3618 332 3707 «δεῦρ’
351 3613 410 3703 άμε
433 3621 488 3685 καὶ
511 3617 565 3700 σύ,
587 3620 669 3699 ξεῖνε
690 3607 808 3708 πάτερ,
830 3623 986 3704 πείρησαι
1007 3615 1151 3694 ἀέθλων,

217 3723 246 3789 εί
266 3718 342 3788 τινά
363 3744 428 3786 που
451 3717 621 3800 δεδάηκας.
650 3725 732 3786 έοικε
755 3723 790 3786 δέ
812 3718 843 3786 ε’
862 3717 955 3803 ίδμευ
976 3715 1137 3794 ἀέθλους·

217 3823 257 3892 οὐ
277 3827 338 3912 μὲν
359 3819 424 3912 γὰρ
447 3823 560 3909 μεῖζον
581 3826 673 3900 κλέος
695 3821 824 3908 ἀνέρος,
848 3815 939 3910 όφρα
959 3819 990 3885 κ’
1009 3822 1106 3911 έησιν,

217 3923 239 4009 ή
262 3924 281 3992 6
303 3953 336 3994 τι
357 3929 479 3993 ποσσίν
500 3949 534 3992 τε
556 3924 632 4016 ῥέξῃ
653 3928 709 3990 καὶ
726 3925 841 4009 χερσὶν
863 3925 961 4014 ἑῇσιν.
1009 3937 1014 3944 “

252 4153 303 4208 142
323 4147 405 4214 αι’·τύς
422 4153 466 4208 εἶα
485 4151 658 4227 προκάλεσσαι
676 4152 719 4206 ἰάν
737 4153 782 4207 καὶ
800 4151 915 4226 πέφραδε
931 4151 1030 4221 μῦθον.

1052 4237 1070 4288 8
