3259 4917
623 536 859 596 ΟΔΥΣΣΕΙΑΣ
885 541 921 592 Λ.
938 541 971 593 Μ

91 733 94 742 ·
212 691 250 758 11
268 695 326 756 και
347 715 372 774 μ
375 688 649 778 ’ὀλοφυρόμενος
671 695 748 758 ’ίπεα
770 689 949 802 πτερόεντα
970 690 1152 790 προσηύδα.

275 796 445 917 ρδιογενὲς
459 790 668 878 Λαερτιάδη,
694 773 899 918 πολυμήχαν’
915 794 1079 873 Ὀδυσσεῦ,

269 925 291 962 α
279 887 445 976 δείλ’,ἦ
468 891 542 962 τινά
565 900 620 964 καί
643 894 684 964 σε)
706 894 807 964 κακόν
829 894 936 995 μόρον
957 880 1138 982 ἡγηλάζεις,

269 997 308 1067 όν
330 1022 390 1088 περ
414 993 495 1082 ὲγάν
518 997 669 1082 ὀχέεσκον
691 999 745 1066 ὑπ’
767 996 872 1085 αάγάς
894 1000 1026 1121 ίγελεοιο.

202 1111 251 1162 620
271 1099 386 1193 Ζηνός
400 1127 422 1185 μ
425 1105 461 1168 ν
480 1112 560 1178 παις
581 1094 626 1182 ἦα
650 1105 847 1188 Κρονίονος,
871 1098 976 1186 αάτάρ
999 1099 1089 1182 όιζόν

270 1206 357 1292 εἶχον
379 1203 582 1290 ἀπειρεσίην·
604 1201 696 1290 μάλα
718 1199 782 1290 γάρ
804 1200 889 1272 πολι)
908 1209 1032 1289 χείρονι
1054 1207 1171 1293 φωτί

271 1304 453 1392 δεδμημην,
479 1304 555 1372 ὁδί
542 1312 635 1392 ἐμοι
653 1305 818 1392 χαλεποὺς
839 1303 1011 1373 ἐπετέλλετ’
1036 1305 1190 1383 ἀέθλους.

228 1457 232 1464 -
269 1397 330 1476 καί
347 1413 425 1476 ποτέ
448 1407 483 1494 μ’
504 1408 623 1474 ἐνθάδ’
639 1413 764 1499 ἔπεμψε
787 1407 857 1475 κείν’
872 1403 998 1488 άξοντ’·
1021 1408 1060 1474 οὐ
1081 1404 1146 1495 γάρ
1161 1408 1206 1474 3r'
1221 1405 1324 1476 ἀλλον

270 1510 412 1603 φράζετο
435 1513 529 1578 τοῦδέ
552 1516 587 1595 73
609 1537 667 1596 μοι
686 1508 913 1598 χαλεπώτερον
937 1510 1021 1576 εἶναι
1042 1507 1181 1578 ἀεθλον.

202 1610 329 1695 ενδ-τάν
351 1618 411 1700 μὲν
434 1609 517 1700 εγεδν
540 1613 691 1682 ἀνένεικα
712 1618 767 1684 καί
790 1609 918 1699 ἤγαγον
940 1614 1121 1693 ἐξεΆίδαο·

266 1705 417 1803 Ἑρμείας
439 1720 473 1783 δέ
496 1716 531 1802 μ’
551 1721 696 1809 ἔπεμψεν
716 1721 765 1784 ίδε
788 1720 971 1802 γλαυκῶπις
990 1713 1152 1796 Ἀθήνη.»

315 1816 358 1897 ἀς
381 1816 477 1886 είπάν
500 1821 517 1887 ὁ
541 1825 601 1905 μὲν
624 1813 715 1900 αὖτις
738 1823 797 1904 ἐ’βη
821 1817 926 1903 δόμον
946 1815 1053 1896 Ἄιδος
1075 1819 1159 1896 είσοι,

271 1918 375 2008 αὐτάρ
398 1919 480 2007 εγάν
503 1923 604 1990 αὐτοῦ
626 1951 650 2007 μ
651 1929 726 1988 ένον
749 1925 903 2006 ἔμπεδον,
927 1923 956 1990 εί
976 1948 1025 1998 τις
1041 1920 1090 1987 31'
1110 1924 1210 1987 ἔλθοι
1309 1971 1313 1977 -

271 2025 439 2114 ἀνδρῶν“
422 2023 552 2110 ηράων,
576 2029 609 2092 οἳ
632 2022 672 2106 δὴ
696 2023 733 2091 τό
756 2023 910 2112 πρόσθεν
932 2021 1061 2094 όλοντο.

202 2140 253 2191 630
270 2133 327 2196 καί
348 2126 388 2194 νά
409 2155 428 2194 κ
432 2129 505 2196 ’ἔτι
526 2135 625 2215 προτί
626 2155 703 2214 ρους
725 2128 836 2196 ’ίδον
819 2134 877 2193 ανί
878 2155 954 2214 ρας,
977 2124 1034 2203 οὓς
1056 2125 1177 2194 ἔθελόν
1198 2150 1277 2215 περ·

271 2227 356 2306 ἀλλά
379 2235 504 2317 πρὶν
480 2235 534 2298 ἐπὶ
480 2231 644 2297 ίίθνε
663 2231 812 2314 ἀγείρετο
835 2255 937 2316 μνρια
949 2234 1080 2314 νεκρῶν

270 2334 332 2423 ἠχῇ
354 2338 530 2424 θεσπεσίη·
554 2337 608 2416 ἐμὲ
624 2335 666 2401 δὲ
685 2327 815 2418 χλιερὸν
838 2329 951 2408 δέος“
931 2357 1009 2422 ρρει,
1034 2375 1037 2379 ›

271 2437 317 2524 μή
340 2463 398 2522 μοι
420 2439 582 2520 Γοργείην
604 2431 751 2524 κεφαλὴν
774 2437 894 2516 δεινοῖο
916 2430 1064 2520 πελάρου

89 2581 103 2593 ,
202 2548 252 2598 635
272 2542 305 2621 εξ
325 2543 435 2606 Ἀίδεω
458 2544 615 2625 πέμψειεν
635 2532 745 2623 ἀγανὴ
768 2535 1008 2628 Περσεφόνεια.

213 2692 217 2698 -
271 2643 374 2714 αὐτίκ’
395 2640 491 2708 ἔπειτ’
511 2645 563 2708 ἐπὶ
585 2643 652 2723 νῆα
673 2637 750 2708 κιολν
773 2645 918 2711 ἐκέλευον
939 2646 1089 2725 ἑταίρους

272 2744 390 2824 αὐτούς
411 2745 439 2811 τ’
461 2744 635 2829 ἀμβαίνειν
657 2742 724 2816 ἀνά
746 2770 780 2810 τε
802 2741 992 2831 πρυμνήσια
1014 2747 1129 2809 λῦσαι.

271 2856 303 2917 οἱ
327 2849 356 2914 δ’
373 2847 446 2938 αἶψ’
462 2848 634 2932 ε’ίσβαινον
651 2853 711 2918 χναὶ
734 2852 786 2914 επὶ
807 2853 915 2928 κληῖσι
936 2849 1088 2929 καθῖζον.

270 2948 331 3032 τὴν
355 2953 388 3018 δὲ
411 2949 483 3017 κατ’
499 2947 657 3016 Ὠκεανὸν
678 2947 832 3034 ποταμὸν
854 2958 933 3040 ηερε
956 2954 1043 3034 κῦμα
1065 2947 1168 3034 ῥόοιο,

203 3062 255 3114 ειν
272 3057 384 3142 πρῶτα
407 3059 467 3140 μὲν
491 3057 625 3139 ελρευίη,
646 3059 816 3136 μετέπειτα
839 3056 873 3117 δὲ
894 3050 1052 3134 κάλλιμος
1074 3044 1180 3135 οὖρος.

218 3167 251 3220 Μ
316 3154 420 3244 αὐτάρ
444 3160 511 3222 ἐπεὶ
532 3163 697 3239 ποταμοῖο
721 3151 918 3239 λίπενρόου
935 3153 1106 3240 Ὠιιεανοῖο

271 3265 363 3341 νηῦς,
386 3254 453 3324 ἀπό
476 3257 504 3324 δ’
526 3262 612 3324 ίιιετο
633 3254 926 3340 ’νῦμαθαλάσσης
948 3247 1141 3343 εὐρυπόροιο

271 3360 424 3443 νῆσόν.τ’
444 3365 584 3443 Αἰαίην,
608 3356 670 3426 ὅθι
692 3358 721 3424 τ’
742 3358 823 3439 ἠοῦς
843 3358 1025 3444 ἠριγενείης

237 3530 240 3536 ,
273 3470 358 3531 οίκία
381 3469 437 3530 καί
456 3469 553 3551 χοροί
576 3471 637 3530 είσι
658 3467 713 3530 καὶ
736 3463 875 3530 ἀντολαὶ
897 3463 1029 3544 ἠελίοιο,

238 3576 253 3625 5
272 3572 338 3646 νῆα
353 3569 419 3649 ’μὲν
441 3566 515 3632 ἕνθ’
536 3565 693 3643 ἐλθόντες
715 3571 891 3648 ἐκέλσαμεν
912 3573 949 3631 ὲν
968 3560 1196 3654 ψαμάθοισιν,

272 3676 307 3733 ἐκ
329 3670 363 3733 δὲ
385 3670 441 3731 καὶ
464 3667 560 3732 αὐτοὶ
581 3670 688 3752 βῆμεν
710 3671 763 3732 ἐπὶ
785 3671 920 3752 ῥηγμῖνι
941 3662 1129 3742 θαλάσσης.
1201 3693 1207 3701 ·

272 3775 360 3837 ίίνθα
383 3767 413 3834 δ’
431 3767 669 3853 ἀποβρίξαντες
692 3772 865 3854 ἐμείναμεν
887 3765 935 3846 ἠῶ
958 3770 1042 3834 δῖαν.

271 3865 357 3960 ἦμος
379 3870 408 3938 δ’
427 3869 590 3958 ἠριγένεια
613 3867 705 3959 φάνη
727 3865 968 3957 ῥοδοδάκτυλος
989 3867 1063 3949 ἠώς,

309 4099 357 4151 6³1
381 4100 466 4166 Θησέα
484 4092 633 4170 Πειρίθοόν
651 4117 692 4160 τε,
712 4093 781 4150 θεῶν
798 4096 916 4167 ,ἐρικυδέα
934 4099 1024 4148 mm·
1109 4177 1124 4204 ξ

1064 4182 1096 4232 12
