3259 4917
653 529 890 585 ΟΔΥΣΣΕΙΔΣ
918 532 939 583 Δ

214 685 236 751 4
264 688 322 751 καί
343 690 376 751 κέ
401 689 432 751 οἱ
453 680 561 772 Ἄργεϊ
581 681 690 757 νάσσα
711 682 809 753 πόλιν
830 688 886 752 καὶ
908 679 1032 771 δείματ’
1053 684 1175 766 έτευξα,

193 800 246 851 175
265 789 301 869 ἐξ
319 785 460 869 Ἰθάκης
482 785 616 875 ἀγαγών
635 785 698 857 σύν
719 785 864 877 κτήμασι
884 791 941 855 καὶ
963 792 1048 854 τέκεϊ
1068 779 1095 872 ᾦ

263 896 320 958 καὶ
342 895 445 959 πᾶσιν
466 896 590 973 λαοῖσι,
612 897 694 978 μίαν
715 890 813 959 πόλιν
835 888 1056 973 ἐξαλαπάξας,

263 997 301 1061 αἳ
322 992 616 1085 περιναιετάουσιν,
642 992 850 1063 ἀνάσσονται
871 994 902 1063 δ’
918 998 992 1080 ῖμοὶ
1014 993 1113 1078 αάτρῖ.

262 1103 320 1164 καί
341 1124 375 1165 κε
398 1096 487 1184 θάμ’
505 1097 626 1167 ἐνθάδ’
646 1096 755 1176 ἐόντες
776 1096 989 1185 ἐμισγόμεθ’·
1014 1096 1090 1165 οὐδέ
1110 1122 1166 1165 κεν
1186 1098 1292 1185 ἡμέας

264 1196 348 1268 ἀλλο
369 1205 526 1291 διέκρινεν
548 1205 698 1291 φιλέοντέ
719 1206 962 1291 τετερπομένο
984 1224 1029 1278 τε,

192 1319 245 1371 180
263 1309 342 1392 πρίν
363 1303 393 1390 γ’
414 1301 468 1372 ὅτε
491 1300 533 1387 δη
556 1302 723 1373 θανάτοιο
744 1309 849 1390 μέλαν
869 1309 972 1394 νέφος
993 1300 1241 1396 ἀμφεκάλυψεν,

264 1403 349 1473 ἀλλά
372 1404 414 1474 τά
436 1414 497 1494 μέν
517 1433 583 1475 που
605 1411 720 1494 μέλλεν
742 1405 958 1493 ἀγάσσεσθαι
971 1402 1063 1483 ’θεὸς
1085 1404 1194 1489 αὐτός,

263 1507 302 1589 ἀς
323 1520 431 1578 κεῖνον
453 1510 616 1593 δύστηνον
635 1508 818 1597 ἀνόστιμον
839 1506 912 1578 οἷον
933 1513 1088 1591 έθηκενι

308 1610 351 1691 ἀς
373 1612 588 1706 φάτο,,ταῖσι
610 1618 644 1683 δέ
667 1618 770 1682 πᾶσιν
790 1613 850 1704 ὑφ’
869 1620 985 1702 ἵμερον
1007 1604 1091 1701 ὦρσε
1113 1608 1216 1698 γόοιο.

261 1721 353 1786 κλαῖε
375 1722 435 1803 μέν
455 1720 581 1807 Ἀργείη
600 1720 735 1799 Ἑλένη,Ι
752 1714 1031 1804 Λιὸςέκγεγαυῖα,

191 1841 243 1892 185
262 1820 353 1887 κλαῖε
376 1824 410 1888 δέ
438 1821 630 1909 Τηλέμαχός
653 1847 684 1890 τε
706 1824 763 1889 καὶ
783 1821 949 1907 Ἀτρείδης
971 1823 1152 1897 Μενέλαος.
1231 1813 1235 1836 ²

263 1922 333 1991 οὐδ’
352 1919 420 2013 ἀρα
442 1930 613 2013 Νέστορος
633 1922 704 2013 υίὸς
725 1922 899 2012 ἀδακρύτω
922 1928 992 2010 ίχεν
1015 1918 1109 1990 ὄσσε·

260 2023 412 2113 μνήσατο
434 2024 505 2115 γάρ.
520 2024 607 2107 κατά
629 2023 744 2115 θυμὸν
767 2024 938 2113 ἀμύμονος
957 2023 1164 2113 Ἀντιλόχοιο,

260 2127 321 2197 τόν
342 2130 374 2217 ῤ
393 2128 474 2211 ἠοῦς
495 2134 611 2199 έκτεινε
633 2135 772 2223 ’φαεινῆς
798 2127 925 2213 ἀγλαὸς
946 2126 1026 2207 υἱός.
1191 2188 1196 2191 .
1246 2144 1278 2183 *κ

234 2236 321 2313 ,τοῦ
343 2228 414 2319 ὅγ’
434 2238 652 2319 ἐπιμνησθεὶς
674 2238 753 2300 έπεα
774 2229 940 2319 πτερόεντ’
960 2228 1125 2315 ἀγόρευεν.

190 2352 243 2415 190
269 2337 447 2425 «Ἀτρείδη,
468 2341 543 2423 περὶ
565 2342 625 2421 μέν
647 2357 683 2429 σε
706 2337 839 2420 βροτῶν
859 2329 1171 2418 πεπνυμένονεῖναι

262 2445 399 2529 Νέστωρ
423 2435 526 2529 φάσχ’
546 2437 564 2503 ό
588 2444 708 2523 γέρων,
731 2434 780 2503 ὅτ’
800 2438 1072 2522 ἐπιμνησαίμεθα
1094 2444 1174 2517 σεῖο,

259 2547 317 2610 καὶ
338 2548 411 2622 νῦν,
435 2541 465 2608 εί
484 2545 523 2609 τί·
537 2566 602 2607 που
624 2544 706 2622 ἔστι,
729 2537 850 2607 πίθοιό
870 2563 945 2626 μοι·
969 2534 1094 2625 οὐγὰρ
1116 2541 1215 2625 έγωγε

258 2645 393 2734 τέρπομ’
413 2643 610 2733 ὀδυρόμενος
631 2642 865 2734 μεταδόρπιος,
887 2638 975 2710 ἀλλά
995 2645 1052 2711 καὶ
1072 2639 1140 2723 τ’μός

190 2763 242 2815 195
260 2747 579 2836 έσσεταιηριγένιια.
608 2752 817 2835 νεμεσσῶμαί
837 2772 875 2834 γε
896 2751 956 2833 μέν
977 2743 1074 2819 οὐδέν

259 2855 386 2919 κλαίειν
408 2848 446 2929 ὅς
466 2875 510 2919 κε·
522 2849 650 2945 θάνησι
670 2856 800 2943 βροτῶν
821 2856 879 2922 καὶ
898 2847 1029 2937 πότμον
1049 2852 1177 2941 ἐπίσπῃ.

259 2951 359 3022 τοῦτό
381 2978 421 3021 νυ
442 2959 498 3023 καὶ
520 2965 618 3043 γέρας
639 2956 712 3023 οἷον
734 2956 893 3045 ὀιζυροῖσι
913 2957 1101 3040 βροτοῖσιν,

259 3060 443 3147 κείρασθαί
464 3082 500 3132 τε,
520 3056 627 3143 κόμην
648 3062 780 3145 βαλέειν
802 3058 832 3126 τ’
852 3053 919 3125 ἀπὸ
942 3053 1044 3142 δάκρυ
1065 3057 1217 3141 παρειῶν.

259 3164 316 3227 καὶ
337 3154 402 3246 γάρ
424 3156 502 3246 ἐμὸς
521 3164 684 3241 τέθνηκεν
706 3158 882 3249 ἀδελφεός,
905 3154 948 3225 ού
965 3182 998 3224 τι
1011 3152 1172 3232 ,κάκιστος

188 3280 241 3332 200
257 3264 419 3352 Ἀργείων.
447 3266 574 3349 μέλλεις
595 3268 638 3331 δέ
652 3260 695 3333 σύ
714 3263 857 3349 ἰ’δμεναι·
881 3259 922 3329 ού
941 3255 1007 3349 γάρ
1028 3262 1128 3352 έγοιγε

258 3361 374 3448 ἥντησ’
394 3364 467 3433 οὐδὲ
489 3367 576 3435 ἰ’δον·
598 3370 673 3456 περὶ
685 3366 723 3435 δ’
739 3362 850 3434 ἀλλων
870 3369 957 3458 φασὶ
978 3365 1139 3451 γενέσθαι

256 3470 460 3555 Ἀντίλοχον,
481 3478 555 3561 πέρι
577 3474 636 3567 μὲν
657 3474 765 3539 θείειν
787 3465 889 3557 ταγάν
911 3468 970 3551 ἠδέ
990 3463 1175 3553 μαχηῐῆί·”

303 3568 363 3639 τάν
385 3570 413 3637 δ’
430 3571 696 3660 ἀπαμειβόμενος
716 3580 869 3664 προσέφη
892 3569 1021 3651 ξανθὸς
1044 3572 1217 3645 Μενέλαος

267 3667 315 3741 «ὦ
337 3673 421 3768 φίλ’,
443 3681 513 3741 ἐπεὶ
533 3674 618 3745 τόσα
639 3673 724 3753 εἶπες
747 3674 798 3743 ὅσ’
818 3672 861 3740 ἀν
883 3678 1085 3757 πεπνυμένος
1106 3668 1191 3759 ἀνήρ

187 3791 240 3843 205
259 3779 345 3847 είποι
365 3782 422 3845 καὶ
444 3778 556 3865 ῥέξειε,
578 3782 634 3843 καὶ
656 3774 694 3857 ὃς
715 3781 968 3866 προγενέστερος
989 3774 1053 3854 είη·
1098 3832 1101 3838 ,
1125 3809 1129 3817 ’

258 3887 352 3951 τοίου
373 3877 438 3971 γάρ
460 3885 516 3947 καὶ
538 3876 677 3967 πατρός,
701 3877 719 3946 ὃ
742 3884 803 3947 καὶΙ
820 3882 1007 3965 πεπνυμένα
1028 3874 1147 3962 βάζεις.

256 4034 455 4045 ...μ-...αμα

270 4122 274 4129 ’
295 4113 345 4164 192
366 4114 431 4163 οἷσιν
449 4112 484 4161 ἐνὶ
501 4108 648 4198 μεγάρρισι,
668 4107 711 4158 καὶ
728 4101 855 4176 ἀλλήλους
870 4110 990 4178 ἐρέοιμεν.
