3259 4917
626 536 863 593 ΟΔΥΣΣΕΙΑΣ
889 542 915 593 A

104 708 105 761 ί
192 694 208 759 1
240 685 310 769 ίοίις
328 692 487 781 χρίεσθαι
506 690 707 781 χαλκήρεας·
730 692 803 760 ἀλλ’
825 693 843 761 ὁ
865 696 926 780 μέν
948 690 988 762 οὔ
1009 697 1042 761 οί

104 808 105 815 ’
240 797 355 875 δῶκεν,
378 798 514 885 ἐπείρα
536 792 639 876 θεοὺς
660 798 845 885 νεμεσίζετο
867 800 939 865 αίέυ
960 793 1084 877 έόντας,

240 893 329 964 ἀλλά
350 895 459 989 πατήρ
484 906 516 970 οἱ
539 902 639 967 δῶκεν
662 897 756 989 ἐμός·
784 903 931 993 φιλέεσκε
952 895 1018 990 γάρ
1040 905 1147 980 αίνῶς.

168 1012 220 1064 265
240 1009 331 1078 τοῖος
354 996 415 1069 έῶν
436 1007 641 1094 μνηστῆρσιν
664 1001 849 1091 ὁμιλήσειεν
868 1001 1057 1082 Ὀδυσσεύς·

236 1103 359 1184 πάντες
380 1106 409 1172 ’κ’
430 1105 595 1196 ὠκύμοροί
617 1131 651 1173 τε
673 1109 827 1191 γενοίατο
848 1103 1049 1194 πικρόγαμοί
1067 1132 1113 1173 τε.

238 1208 312 1275 ἀλλ’
331 1204 405 1291 ῆτοι
427 1212 488 1295 μὲν
509 1213 617 1276 ταῦτα
637 1212 731 1275 θεῶν
753 1214 788 1275 έν
809 1206 950 1294 γοάνασι
969 1218 1082 1291 κεῖται,

237 1308 260 1393 ῆ
282 1336 337 1378 κεν
358 1309 525 1393 νοστήσας
546 1311 753 1393 ἀποτίσεται,
774 1302 814 1394 ήε
836 1316 893 1380 καὶ
914 1310 995 1393 οίικί,

238 1411 326 1483 οἶσιν
348 1419 396 1483 ένὶ
417 1413 606 1504 μεγάροισι·
630 1419 665 1484 σὲ
686 1418 722 1483 δὲ
745 1413 941 1508 φράζεσθαι
961 1410 1076 1499 ἀνωγα

166 1532 219 1583 270
239 1515 352 1596 ὅππως
373 1542 408 1585 κε
430 1504 623 1610 μνηστῆρας
645 1517 793 1588 ἀπώσεαι
815 1526 850 1586 έκ
871 1515 1040 1608 μεγάροιο.

238 1628 265 1689 εί
288 1620 318 1688 δ’
334 1617 394 1708 ἀγε
414 1626 476 1690 νῖν
498 1622 598 1704 ξυνίει
616 1626 675 1692 καὶ
697 1628 784 1712 ἐμῶν
806 1620 948 1709 ἐμπάζεο
970 1620 1101 1709 μύθων’

236 1720 354 1814 αάρίον
376 1732 422 1804 εἰς
445 1721 572 1813 ἀγορήν
592 1730 735 1807 καλέσας
757 1724 869 1815 ῆρωας
888 1724 1038 1812 Ἀχαιούς
1198 1714 1205 1728 ⁸

235 1832 354 1915 μῦθον
375 1832 523 1920 πέφραδε
544 1832 644 1911 πάσι,
667 1835 747 1899 θεοὶ
769 1829 799 1897 δ’
815 1827 1030 1919 έπιμάρτυροι
1052 1832 1161 1899 έστων.

236 1934 432 2023 μνηστῆρας
452 1936 513 2021 μὲν
535 1936 598 2001 ἐπί
611 1938 754 2025 σφέτερα
777 1936 984 2002 σκίδνασθαι
1003 1927 1145 2021 άνωχθι,

166 2053 218 2103 275
237 2042 363 2123 μητέρα
386 2036 428 2117 δ’,
452 2037 481 2103 εί
502 2042 534 2103 οἱ
556 2033 670 2124 θυμὸς
691 2040 882 2131 ἐφορμᾶται
902 2040 1101 2124 γαμέεσθαι,

237 2137 369 2231 ἀφέτω
393 2146 426 2218 ές
447 2146 598 2232 μέγαρον·
614 2138 742 2230 πατρὸς
762 2146 848 2228 μέγα
870 2144 1082 2227 δυναμένοιο·

238 2250 269 2310 σί
292 2248 326 2311 δὲ
349 2242 459 2331 γάμον
480 2241 630 2321 τεύξουσι
651 2247 707 2309 καὶ
729 2242 941 2331 ἀρτυνέουσιν
961 2246 1058 2309 έεδνα

237 2343 345 2415 πολλά
366 2344 461 2433 μάλ’,
485 2343 573 2413 ὅσσα
595 2348 677 2411 ἔοικε
700 2348 800 2435 φίλης
821 2346 876 2410 έπὶ
895 2340 1016 2421 παιδὸς
1038 2348 1189 2414 ἕπεσθαι.

237 2454 292 2519 σοὶ
314 2450 343 2517 δ’
364 2448 456 2535 αὐτῷ
477 2450 617 2525 πυκινῶς
638 2445 872 2536 ὑποθήσομαι,
894 2448 934 2515 αί
951 2472 987 2514 κε
1007 2452 1145 2532 πίθηαι

165 2571 218 2623 280
236 2552 289 2635 νῆ’
309 2548 421 2642 ἀρσαςΙ
437 2557 581 2644 ἐρέτῃσιν
603 2554 757 2633 ἐείκοσιν,
778 2549 800 2635 ή
822 2578 872 2631 τις
892 2552 1021 2643 ἀρίστη,

237 2661 328 2743 έρχεο
351 2654 550 2742 πευσόμενος
571 2650 698 2743 πατρὸς
720 2651 782 2738 δῆν
804 2662 999 2745 οἰχομένοιο,

235 2756 279 2842 ήν
302 2764 352 2837 τίς
372 2768 430 2829 τοι
447 2760 552 2853 είπησι
573 2763 704 2850 βροτῶν
726 2756 748 2843 ῆ
771 2756 877 2831 ὄσσαν
898 2758 1041 2853 ἀκούσης

236 2870 271 2929 ὲκ
293 2860 388 2944 Διός,
412 2862 431 2946 ῆ
453 2888 488 2931 τε
509 2860 655 2950 μάλιστα
677 2866 770 2955 φέρει
790 2863 884 2944 κλέος
905 2862 1146 2953 ἀνθρώποισιν.

236 2968 352 3057 πρῶτα
374 2970 434 3053 μὲν
456 2974 489 3045 ές
511 2965 629 3035 Πάλον
651 2969 732 3033 ίλθί
754 2971 811 3035 καὶ
832 2968 917 3057 ε’ίρεο
940 2972 1098 3056 Νέστορα
1120 2971 1203 3051 δίον,

164 3087 217 3138 285
237 3072 353 3136 κεῖθεν
375 3071 409 3137 δὲ
430 3067 634 3159 Σπάρτηνδε
655 3065 748 3159 παρά
770 3066 903 3149 ξανθὸν
926 3075 1117 3138 Μενέλαον·

238 3168 276 3251 ὃς
297 3169 362 3263 γάρ
385 3170 541 3251 δεύτατος
562 3165 672 3255 ῆλθευ
691 3173 830 3259 Ἀχαιῶν
847 3173 1106 3261 χαλκοχιτώνων.

236 3283 263 3342 εί
284 3280 345 3362 μέν
368 3299 424 3343 κεν
444 3270 570 3367 πατρὸς
591 3278 708 3362 βίοτον
729 3279 787 3344 καί
808 3274 930 3347 νόστον
951 3273 1102 3371 ἀκούσης,

235 3370 259 3459 ἦ
280 3376 309 3446 τ’
329 3374 372 3446 ἀν
393 3376 592 3469 τρυχόμενός
612 3404 674 3468 περ
697 3368 754 3464 έτιρ
765 3384 882 3476 τλαίης
903 3379 1069 3451 ένιαοτόν·

236 3488 263 3547 εί
286 3484 320 3548 δέ
343 3507 378 3549 κε
400 3486 591 3564 τεθνηῶτος
613 3482 756 3579 ἀκούσης
777 3486 855 3572 μηδ’
876 3485 922 3553 έτ’
943 3483 1065 3564 ἐόντος,

161 3604 216 3659 290
235 3582 402 3667 νοστήσας
424 3581 465 3668 δή
488 3591 598 3655 ἔπειτα
621 3590 724 3677 φίλην
747 3596 780 3665 ες
800 3592 947 3675 πατρίδα
969 3595 1071 3671 γαῖαν

235 3686 327 3775 σῆμά
349 3714 384 3755 τε
409 3695 440 3756 οί
460 3694 555 3777 χεῦαι
576 3694 632 3755 καὶ
656 3693 707 3756 ἐπὶ
730 3695 845 3779 κτέρεα
867 3687 1027 3778 κτερεΐξαι

233 3787 342 3859 πολλά
363 3791 454 3879 μάλ’,
479 3788 565 3858 ὅσσα
587 3796 685 3873 έοικε,
707 3797 763 3861 καὶ
786 3792 878 3883 ἀνέρι
899 3798 1025 3881 μητέρα
1049 3793 1175 3861 δοῦναι.

234 3893 340 3985 αὐτάρ
364 3892 446 3978 έπῆν
469 3888 510 3975 δή
533 3898 639 3959 ταῦτα
661 3894 855 3988 τελευτήσῃς
875 3921 911 3963 τε
932 3898 988 3962 καί
1011 3896 1108 3990 έρξης,

235 3996 430 4089 φράζεσθαι
452 3994 492 4080 δή
515 4000 625 4065 ἔπειτα
649 3994 734 4065 κατά
758 4004 866 4089 φρένα
887 4003 944 4065 καὶ
965 3997 1051 4067 κοτά
1072 3998 1188 4089 θυμόν

160 4115 216 4167 295
238 4098 352 4181 ὅππως
374 4128 408 4169 κε
430 4103 624 4192 μνηστῆρας
641 4104 693 4171 ’ένί
714 4100 888 4193 μεγάροισι
908 4116 1031 4174 τεοῖσιν

1010 4214 1015 4221 ’
1074 4214 1091 4264 2
