3259 4917
326 533 381 590 Μ
433 490 438 498 ί
711 533 952 590 omum
979 535 1006 590 Y

204 760 208 767 ,
270 691 315 758 20
329 698 436 758 τοῖσιν
457 689 488 758 δ’
506 689 711 782 Ἀμφίνομος
735 688 926 778 ἀγορήσατο
948 693 1004 758 καὶ
1024 695 1189 777 μετέειπεν

258 807 312 859 245
335 787 384 860 ιώ
405 796 514 884 φίλοι,
536 793 596 884 ούχ
616 793 698 884 ῆμίν
718 791 939 862 συνθεύσεται
958 790 1018 876 ῆδε
1040 820 1076 881 γε
1098 791 1213 880 βουλῆ,

335 897 540 985 Τηλεμάχοιο
563 895 685 990 φόνος·
705 893 794 996 ἀλλά
814 893 1025 984 μνησώμεθα
1046 895 1190 976 δαιτός.»

374 998 417 1080 ἀς
439 1001 535 1093 ἔφατ’
552 1003 770 1092 Ἀμφίνομος,
792 1013 899 1069 τοῖσιν
921 1000 951 1067 δ
967 998 1141 1083 ἐπιήνδανε
1162 1003 1283 1088 μῦθος.

329 1103 487 1184 ἐλθόντες
509 1105 539 1172 δ’
554 1112 588 1183 ἐς
609 1101 733 1190 δώματ’
758 1103 939 1186 Ὀδυσσῆος
961 1107 1073 1206 θείριο
1182 1111 1184 1122 ’

326 1212 467 1297 χλαίνας
487 1212 549 1297 μὲν
570 1211 754 1275 κατέθεντο
775 1202 862 1273 κατά
884 1203 1040 1293 κλισμούς
1060 1232 1096 1274 τε
1118 1203 1265 1296 θρόνους
1286 1232 1333 1290 τε,

259 1319 363 1380 250οί
386 1311 416 1379 δ’
431 1318 556 1399 ἱέρευον
578 1307 629 1390 όις
649 1307 813 1396 μεγάλους
833 1313 891 1378 καὶ
911 1313 1030 1387 πίονας
1052 1309 1157 1396 αίγας,

330 1423 439 1504 ἵρευον
461 1417 496 1482 δέ
518 1411 600 1494 σύας
621 1410 757 1491 σιάλους
776 1417 834 1482 καί
855 1415 939 1500 βοῦν
961 1413 1128 1499 ἀγελαίην,

330 1515 503 1604 σπλάγχνα
524 1517 556 1585 δ’
571 1513 626 1602 ἀρ’
646 1514 850 1598 ὀπτήσαντες
872 1513 1019 1603 ἐνώμων,
1042 1523 1078 1582 ἐν
1100 1519 1135 1582 δέ
1157 1540 1192 1581 τε
1215 1513 1308 1588 οἶνον

329 1626 508 1710 κρητῆρσιν
526 1617 706 1705 κερόωντο·
728 1617 872 1687 κύπελλα
894 1621 929 1687 δέ
951 1629 1041 1707 νεῖμε
1064 1615 1220 1704 συβώτηςι

330 1734 425 1792 σῖτον
447 1727 482 1790 δέ
502 1722 564 1814 σφ’
583 1728 728 1808 ἐπένειμε
753 1724 921 1801 Φιλοίτιος
944 1718 1090 1810 ὄρχαμος
1111 1721 1241 1813 ἀνδρῶν

259 1839 312 1893 255
329 1830 443 1907 καλοῖς
464 1833 500 1894 ἐν
520 1831 699 1907 κανέοισιν,
722 1824 874 1913 ἐῳνοχόει
895 1827 930 1894 δέ
953 1822 1164 1904 Μελανθεύς.

330 1937 363 2000 οί
384 1930 415 1999 δ’
430 1929 480 1999 ἐπ’
502 1927 634 1998 ὀνείαθ’
653 1933 771 2015 ἐτοίμα
791 1933 991 2017 προκείμενα
1008 1939 1127 2017 χεῖρας
1143 1930 1267 1996 ίαλλον.

379 2036 570 2119 Τηλέμαχος
591 2032 621 2099 δ’
642 2032 786 2113 Ὀδυσῆα
806 2035 986 2119 καθίδρυε,
1008 2034 1123 2122 κέρδεα
1144 2033 1270 2118 νωμῶν,

329 2131 422 2214 έντδς
443 2139 627 2214 ἐυσταθέος
647 2134 808 2224 μεγάρου,
830 2132 922 2226 παρά
944 2132 1061 2204 λάινον
1082 2131 1192 2214 οὐδόν,

330 2243 452 2331 δίφρον
474 2238 633 2308 ἀεικέλιον
653 2227 818 2318 καταθείς
840 2239 955 2325 ὀλίγην
977 2263 1011 2306 τε
1033 2235 1214 2328 τράπεζαν·

259 2355 312 2409 κιο
329 2339 399 2430 πάρ
420 2341 452 2409 δ’
472 2345 578 2410 ἐτίθει
601 2341 797 2429 σπλάγχνων
818 2347 952 2432 μοίρας,
975 2349 1010 2409 ἐν
1032 2341 1062 2408 δ’
1078 2340 1170 2420 οἶνον
1191 2343 1297 2428 ἐχευεν

328 2454 365 2514 ἐν
386 2447 485 2512 δέπαϊ
501 2437 641 2533 χρυσέρι,
663 2451 719 2512 καί
739 2471 798 2533 μιν
819 2443 902 2536 πρὸς
917 2449 1040 2532 μῦθον
1060 2450 1170 2512 ίειπεν.

336 2553 519 2616 «ἐνταυθοῖ
539 2554 600 2616 νῦν
620 2543 685 2631 ῆσο
706 2550 777 2636 μετ’
797 2546 958 2638 ἀνδράσιν
972 2545 1211 2629 ὀίνοποτάζωα

328 2655 503 2740 κερτομίας
524 2655 560 2717 δέ
581 2643 757 2729 τοιάιίτάς
778 2648 840 2737 ἐγώ
861 2655 917 2719 καὶ
935 2661 1049 2740 χεῖρας
1071 2651 1182 2742 ἀφέξω
1296 2717 1303 2732 ,

328 2750 462 2820 πάντων
483 2752 695 2841 μνηστήρων,
718 2758 787 2821 ἐπεὶ
809 2751 850 2822 ού
871 2781 923 2822 τοι
946 2753 1063 2842 δῆμιός
1084 2762 1173 2822 ἐστιν

258 2869 311 2923 265
329 2855 419 2933 οἶκος
440 2853 504 2937 δ’δ’,
527 2856 600 2923 ἀλλ’
623 2857 795 2940 Ὀδυσῆος,
818 2861 892 2945 ἐμοί
913 2858 944 2926 δ’
959 2856 1119 2940 ὲκτῆσατο
1140 2863 1255 2934 κεῖνος.

327 2959 420 3046 ύμεῖς
441 2961 492 3041 δέ,
513 2963 711 3049 μνηστῆρες,
734 2965 879 3048 ἐπίσχετε
902 2957 1017 3049 θυμόν
1039 2964 1151 3042 ἐνιπῆς

327 3067 384 3130 καὶ
403 3067 529 3152 χειρῶν,
551 3061 676 3151 ἵναμή
698 3090 749 3142 τις
769 3068 834 3153 έρις
856 3070 913 3133 καὶ
934 3077 1040 3145 νεῖκος
1062 3061 1210 3153 ὄρηται.»

372 3162 416 3243 ώς
438 3167 559 3258 ἔφαθ’·
583 3173 614 3234 οἱ
637 3167 668 3234 δ’
683 3164 751 3256 ἀρα
772 3167 893 3248 πάντες
915 3165 998 3250 ὀδάξ
1020 3176 1055 3236 ἐν
1073 3171 1194 3254 χείλεσι
1219 3163 1340 3257 φύντες

334 3271 527 3353 Τηλέμαχον
547 3267 739 3354 θαύμαζον,
761 3268 783 3338 δ
804 3276 1004 3360 θαρσαλέως
1025 3270 1190 3358 ἀγόρευεν.

257 3388 311 3440 270
328 3377 433 3437 τοῖσιν
455 3369 483 3436 δ
500 3371 666 3449 Ἀντίνοος
686 3379 826 3465 μετέφη,
849 3375 1036 3454 Εὐπείθεος
1057 3371 1136 3452 υἱός,
1192 3403 1195 3408 ·

334 3476 411 3540 «καὶ
430 3470 576 3558 χαλεπόν
596 3498 658 3564 περ
679 3474 779 3544 ἐόντα
800 3475 977 3566 δεχώμεθα
998 3482 1127 3566 μῦθον,
1147 3475 1283 3562 Ἀχαιοί,

333 3573 542 3663 Τηλεμάχου·
563 3574 655 3663 μάλα
678 3579 707 3646 δ’
722 3576 803 3667 ἧμιν
825 3580 1005 3666 ἀπειλήσας
1028 3577 1187 3669 ἀγορεύει.

328 3679 369 3746 ού
388 3675 452 3768 γάρ
475 3677 558 3757 Ζεύς
580 3681 669 3749 είασε
689 3685 861 3771 Κρονίων·
882 3691 930 3772 τῷ
951 3692 986 3753 κέ
1008 3708 1065 3772 μιν
1086 3679 1150 3765 ῆδη

325 3780 501 3868 παύσαμεν
522 3790 558 3850 ἐν
577 3781 750 3872 μεγάροισι
771 3786 864 3872 λιγύν
885 3813 945 3879 περ
968 3787 1053 3856 ἐόντ’
1075 3779 1274 3874 ἀγορητήν.»

256 3901 308 3954 275
372 3879 415 3961 ώς
436 3885 531 3976 ἔφατ’
549 3887 729 3966 Ἀντίνοος·
752 3887 772 3956 ὁ
795 3890 824 3956 δ’
841 3887 895 3976 ἀρ’
915 3892 974 3959 οὐκ
996 3889 1156 3978 ἐμπάζετο
1179 3882 1311 3972 μύθων·

314 3980 460 4073 ,κήρυκες
481 3985 511 4052 δ’
527 3985 594 4054 ἀνά
616 3985 700 4057 ἀστυ
722 3993 814 4059 θεῶν
836 3991 926 4080 ίερῆν
947 3992 1137 4081 ἑκατόμβην

326 4079 423 4173 ῆγον·
446 4092 498 4156 τοὶ
521 4089 553 4155 δ’.
569 4089 732 4180 ἀγέροντο,
751 4095 1019 4184 καρηκομόωντας
1039 4098 1165 4184 Ἀχαιοί
