3259 4917
632 517 872 576 ΟΔΥΣΣΕΙΔΣ
897 522 912 574 Ι

190 676 214 743 9
240 672 316 741 ἀλλ’
334 669 438 753 αύτάς
456 669 578 764 ἀλοχάς
598 699 634 742 τε
657 679 740 769 φίλη
762 681 865 763 ταμίη
886 701 922 744 τε
943 674 993 764 μί’
1010 681 1076 759 ολη.

240 774 301 847 τδν
324 776 353 844 δ’
373 773 428 844 ὅτε
449 782 576 848 πίνοιεν
596 782 751 866 μελιηδέα
773 776 866 847 οἶνον
887 778 1043 870 ἐρυθρόν,

241 885 276 950 δν
298 884 400 960 δέπας
422 881 735 968 ἐμπλήσαςύδατος
756 879 823 950 ἀνά
844 885 947 950 είκοσι
967 889 1071 972 μίτρα

167 1000 223 1053 210
237 987 315 1074 χεῦ’,
337 980 424 1073 ὀδμὴ
447 986 478 1054 δ’
496 987 593 1069 ἡδεῖα
615 983 681 1054 ἀπὸ
704 989 867 1075 κρητῆρος
889 984 1014 1066 ὀδύδει,

241 1094 421 1171 θεσπεσίη·
447 1088 518 1158 τότ’
537 1086 581 1156 ἀν
603 1086 643 1158 ού
662 1099 716 1157 τοι
738 1089 954 1175 ἀποσχέσθαι
975 1092 1076 1179 φίλον
1096 1081 1164 1171 ἦεν.

241 1197 301 1262 τοῦ
323 1199 426 1287 φέρον
445 1190 617 1280 ἐμπλήσας
638 1189 744 1260 ἀσκὸν
765 1198 884 1280 μίγαν,
911 1198 947 1257 ἐν
969 1195 1003 1258 δὲ
1025 1196 1083 1259 καὶ
1102 1186 1147 1285 ᾖα

241 1295 389 1384 κωρύκῳ·
411 1296 530 1364 αιἰτίιιά
551 1293 618 1384 γάρ
639 1321 697 1382 μοι
715 1295 837 1374 ὀίσατο
860 1291 974 1380 θυμὸς
994 1293 1128 1386 ἀγήνωρ

243 1395 335 1490 ἄνδρ’
355 1398 593 1468 ἐπελεύσεσθαι
610 1387 762 1488 μεγάλην
775 1405 973 1486 ,ἐπιειμένον
986 1397 1100 1482 ἀλκήν,

169 1515 224 1568 215
243 1499 375 1594 άγριον,
398 1500 472 1572 οὔτε
495 1506 588 1584 δίκας
610 1497 646 1572 εὖ
666 1503 778 1582 είδύτα
800 1497 876 1570 ούεε
898 1501 1072 1590 θέμιστας.

285 1611 498 1697 καρπαλίμως
520 1607 548 1674 δ’
569 1613 616 1686 είς
635 1603 973 1698 άντρον.ἀφικόμεθ’,
996 1595 1152 1695 οὐδέμιν
1173 1612 1272 1679 ἔνδον

242 1707 393 1800 εὕρομεν,
414 1710 489 1794 ἀλλ’
508 1708 639 1798 λνόμευε
661 1707 766 1798 υομδν
786 1710 873 1782 κάτα
894 1716 996 1780 πίονα
1015 1714 1117 1798 μῆλα.

242 1812 400 1893 ἐλθόντες
416 1813 452 1880 ,δ’
469 1821 513 1893 είς
534 1809 657 1904 ἀντρον
679 1811 899 1904 ἐθηεύμεσθα
921 1822 1053 1896 ἕκαστμ.

241 1921 364 2006 ταρσοὶ
381 1919 442 2004 μὲν
462 1921 570 2008 τυρῶν
590 1921 732 2004 βρῖθον,
757 1924 924 1986 στείνοντο
946 1920 982 1984 δὲ
1003 1920 1102 2000 σηκοί
1135 1952 1139 1963 ·

170 2036 225 2089 220
243 2018 353 2107 ἀρνῶν
375 2019 427 2102 ἠδ’
446 2023 850 2124 λρίφιιν·,διακεκριμέναι
870 2020 905 2088 δδ
926 2028 1064 2094 ἕκασται

242 2127 375 2210 ἔρχατο,
399 2127 500 2211 χωρὶς
521 2128 582 2211 μὲν
603 2122 787 2211 πρόγονοι,
796 2127 902 2212 χωρίς
920 2127 954 2193 δὲ
975 2130 1148 2211 μέτασσαι,

238 2231 338 2318 χωρὶς
360 2226 390 2294 δ’
406 2222 490 2294 αὖθ’
510 2234 612 2313 ἕρσαι.
641 2236 738 2294 ναῖον
761 2225 790 2292 δ’
812 2222 1007 2313 ὀρῷ-ἄγγεα
1026 2225 1147 2308 πάντα,

241 2333 360 2416 γαυλοί
381 2333 415 2397 τε
438 2331 598 2420 σκαφίδες
619 2353 667 2409 τε,
690 2331 886 2414 τετυγμένα,
907 2338 978 2406 τοῖς
1000 2327 1185 2417 ἐνάμελγεν.

243 2433 317 2502 ἕνθ’
337 2437 393 2520 ἐμὲ
415 2436 476 2520 μὲν
496 2429 661 2518 πρώτισθ’
681 2438 793 2519 ἕταροι
809 2430 960 2502 λίσσοντ’
979 2437 1126 2500 ὲπλεσσιν
1242 2454 1247 2462 ·

170 2549 225 2602 225
244 2540 349 2628 τυρῶν
370 2541 563 2624 αἰνυμένους
585 2540 668 2602 ἰέναι
688 2533 802 2616 πάλιν,
825 2531 931 2625 αάτάρ
953 2539 1065 2604 ἔπειτα
1106 2579 1112 2588 ‹
1195 2565 1200 2572 ¹
1240 2591 1247 2600 .

242 2643 455 2731 καρπαλίμως
466 2644 530 2716 ,λπλ
551 2643 618 2723 νῆα
640 2636 732 2734 θοὴν
754 2644 890 2734 ἐρίφους
900 2639 946 2709 ’τε
967 2645 1023 2708 καί
1046 2637 1152 2732 άρνας

243 2747 352 2826 σηκῶν
373 2735 593 2840 ἐξελάσαντας
613 2747 759 2812 ἐπιπλεῖν
780 2741 1052 2834 ἀλμυρδνύδαρ·

243 2845 316 2913 ἀλλ’
336 2843 398 2933 ἐγώ
421 2845 461 2916 οὐ
481 2845 636 2932 πιθόμην
660 2887 691 2902 --
716 2839 739 2930 ἦ
760 2848 790 2916 τ’
811 2846 854 2916 άν
874 2844 961 2916 πολύ
980 2851 1110 2937 κέρδιον
1130 2840 1191 2930 ἦεν
1213 2890 1258 2930 -,

244 2945 323 3042 ὄφρ’
343 2947 445 3018 αὐτόν
468 2975 503 3016 τε
525 2950 643 3036 ἰ’δοιμι,
664 2956 719 3018 καλ
743 2953 773 3020 εί
791 2977 851 3038 μοι
871 2951 974 3032 ξείνια
996 2955 1082 3032 δοίη.
1138 2962 1144 2970 “

173 3067 227 3119 2³⁰
245 3053 315 3121 οὐδ’
334 3049 388 3144 ἀρ’
408 3053 513 3140 ίμελλ’
534 3052 681 3141 ἑτάροισι
702 3058 820 3146 φανεὶς
841 3049 1005 3140 ἐρατεινάς
1027 3056 1177 3119 ἔσεσθαι.

289 3159 378 3225 ἔνθα
400 3160 435 3224 δὲ
456 3159 522 3246 πῦρ
543 3153 681 3238 κήαντες
703 3154 875 3240 ἐθύσαμεν
896 3153 953 3236 ἠδὲ
975 3158 1031 3222 καὶ
1053 3151 1150 3222 αύτοί

245 3264 350 3350 τυρῶν
373 3257 541 3348 αἰνύμενοι
563 3258 731 3352 φάγομεν,
755 3261 898 3346 μένομέν
919 3282 953 3326 τε
975 3283 1033 3346 μιν
1054 3261 1150 3328 ἔνδον
1267 3311 1272 3318 .

244 3361 373 3448 ἥμενοι,
396 3371 455 3444 ἕως
477 3368 605 3448 ἐπῆλθε
626 3369 743 3452 νέμων.
774 3369 853 3456 φέρε
879 3360 910 3430 δ’
930 3357 1072 3453 ὄβριμον
1094 3359 1205 3451 άχθος

246 3463 328 3549 ὕλης
346 3467 500 3552 ἀζαλέης,
527 3475 583 3537 ίνα
604 3475 638 3537 ολ
659 3467 874 3555 ποτιδόρπιον
896 3466 954 3547 είη.
1022 3524 1031 3536 ,
1072 3497 1098 3526 x

173 3585 228 3639 235
246 3575 409 3639 ἔντοσθεν
431 3571 460 3637 δ’
480 3567 614 3660 άντροιο
637 3568 750 3655 βαλάν
772 3565 962 3656 ὀρυμαγδὸν
983 3572 1122 3648 ἔθηκεν·
1184 3609 1188 3617 τ

246 3674 342 3761 ἡμεῖς
363 3675 397 3740 δὲ
421 3669 587 3749 δείσαντες
607 3670 816 3757 ἀπεσσύμεθ’
836 3677 871 3747 ες
891 3665 995 3756 μυχδν
1017 3667 1149 3758 ἄντρου.

248 3772 355 3865 αίπάρ
378 3772 397 3842 ὅ
419 3775 451 3860 γ’
471 3781 516 3852 είς
537 3770 613 3863 εὐρύ
635 3780 734 3851 σπέος
754 3770 858 3866 ἤλασε
879 3771 984 3864 πίονα
1000 3776 1102 3860 μῆλα,

247 3878 358 3948 πάντα
379 3876 459 3968 μάλ’
479 3875 553 3948 ὅσσ’
572 3873 706 3964 ἤμελγε,
728 3873 770 3942 τά
793 3876 825 3942 δ’
841 3872 968 3965 άρσενα
988 3880 1078 3945 λεῖπε
1099 3870 1261 3971 θύρηφιν,

249 3982 397 4073 ἀρνειούς
418 4008 452 4051 τε
475 3980 617 4069 τράγους
639 4006 686 4061 τε,
709 3983 856 4068 βαθείης
878 3984 1017 4050 ἔκτοθεν
1039 3981 1151 4064 αὐλῆς.

177 4098 232 4152 240
250 4087 354 4176 αὐτὰρ
377 4085 473 4157 ἔπειτ’
491 4089 634 4168 ἐπέθηκε
657 4080 783 4174 θνρεάν
804 4090 911 4172 μεγαν
930 4083 1032 4176 ύψόσ’
1052 4085 1174 4176 ἀείρας,
