3259 4917
328 505 379 560 ιεε
706 481 944 560 ολτεεεεεε
970 505 1003 560 τε

269 661 310 727 12
326 656 407 739 Ζεύς
429 659 459 727 δ’
479 655 596 747 ἀμυδις
617 655 780 747 βρόντησε
801 663 858 726 καὶ
880 661 1079 744 ἐμβαλευηὶ
1100 655 1277 746 κεραυνόν·

255 763 347 846 41ΰὴ
372 763 400 830 δ’
422 767 576 849 ἐλελίχθη
599 765 693 830 πᾶσα
716 759 793 840 Διὸς
813 766 974 848 πληγεῖσα
996 766 1150 849 κεραυνῷ,
1250 793 1253 800 ·

327 873 362 933 ἐν
385 869 419 934 δέ
442 869 556 932 θεείου
576 869 699 947 πλῆτο·
721 871 825 932 πέσον
846 864 930 931 δ’ἐκ
953 860 1030 945 νηός
1051 870 1188 952 ἐταῖροι.

327 974 359 1036 οί
382 972 416 1036 δὲ
436 966 615 1061 κορώνῃσιν
636 969 736 1035 ’ίκελοι
757 971 831 1056 περὶ
851 970 919 1048 νῆα
939 970 1102 1052 μέλαιναν

326 1069 466 1159 κύμασιν
488 1075 705 1162 ἐμφορέοντο,
727 1066 864 1150 θεός-δ’
883 1069 1066 1137 ἀποαίνυτο
1088 1067 1218 1136 νόστον.
1269 1095 1273 1098 ·

255 1187 309 1239 420
371 1169 476 1262 αὐτάρ
499 1169 560 1259 ἐγὼ
583 1171 639 1240 διά
661 1167 740 1255 νηός
762 1178 919 1261 ἐφοίτων,
941 1168 1019 1262 ὄφρ’
1039 1168 1259 1259 ἀπόετοίχους

326 1281 402 1345 λῦσε
424 1275 550 1344 κλύδων
572 1274 722 1367 τρόπιος
744 1271 805 1356 τὴν
827 1278 863 1343 δὲ
883 1271 988 1366 ψιλὴν
1009 1281 1090 1366 φέρε
1109 1260 1218 1360 κῦμα.Ι

326 1373 362 1447 ἐκ
384 1383 418 1446 δί
442 1385 473 1447 οί
495 1376 590 1447 ἱστόν
610 1375 711 1469 ἀραξε
732 1381 809 1445 ποτὶ
831 1375 963 1467 τρόπιν·
985 1376 1091 1467 αύτάρ
1114 1365 1164 1444 ἐπ’
1183 1376 1275 1462 αύτῷ

327 1487 476 1561 ἐπίτονος
497 1485 656 1570 βέβλητο,
677 1475 758 1566 βοός
780 1483 886 1568 ῥινοῖο
908 1477 1069 1567 τετευχώς.
1175 1485 1181 1494 ’

327 1589 374 1671 τῷ
396 1585 426 1674 ῥ’
447 1582 548 1676 άμφω
572 1589 743 1672 συνέεργον
766 1583 851 1670 ὁμοῦ
871 1581 989 1672 τρόπιν
1009 1583 1068 1664 η’δέ
1090 1587 1147 1652 καὶ
1167 1579 1269 1662 ίοτόυ,
1311 1620 1315 1628 ·

256 1701 309 1753 425
330 1685 482 1774 ἑζόμενος
504 1687 534 1754 δ’
554 1691 606 1754 ἐπὶ
618 1697 698 1768 τοῖς
720 1683 871 1778 φερόμην
893 1685 1004 1764 ὀλοοῖς
1024 1685 1205 1772 ἀνέμοισιν.

372 1791 449 1858 ἐνθ’
467 1787 541 1873 ἤτοι
563 1791 715 1880 Ζέφυρος
733 1794 793 1876 μὲν
815 1787 983 1857 ἐπαύσατο
1005 1792 1143 1856 λαίλαπι
1163 1784 1269 1867 θύων,
1382 1866 1387 1870 χ

327 1886 415 1977 ἦλθε
438 1894 469 1961 δ’
488 1897 540 1961 ἐπὶ
564 1891 674 1972 Νότος
696 1885 778 1976 ὦκα,
800 1900 911 1986 φέρων
932 1895 1000 1978 ἐμῷ
1021 1888 1255 1978 άλγεαιθυμςῖ,

328 1992 407 2088 ὄφρ’
434 2001 480 2064 ἔτι
502 1993 564 2078 τὴν
585 1993 685 2078 ὀλοὴν
708 1994 975 2085 ἀναμετρήσαιμι
995 1993 1184 2080 Χάρυβδιν.

327 2097 503 2188 παννύχιος
526 2096 690 2192 φερόμην,
712 2097 784 2185 άμα
807 2098 836 2165 δ’
857 2097 953 2183 ἠελίῳ
976 2095 1103 2190 ἀνιόντι

257 2211 310 2263 430
328 2195 441 2286 ἦλθον
463 2207 516 2271 ἐπὶ
538 2201 693 2296 Σκύλλης
715 2199 1008 2283 σκόπελονδειυήυ
1028 2227 1064 2268 τε
1089 2198 1273 2290 Χάρυβδιν.

327 2305 349 2388 ἡ
372 2309 411 2392 μ
414 2331 431 2372 ν
448 2305 687 2396 ἀνερροίβδησε
711 2303 892 2387 θαλάσσης
910 2300 1059 2392 ἁλμυρόν
1080 2302 1182 2389 ὕδωρ·

327 2406 433 2495 αύτάρ
456 2405 517 2495 ίγά
539 2412 616 2476 ποτὶ
637 2404 765 2498 μακρόν
788 2403 912 2497 ἐρινεόν
933 2406 1045 2496 ύψόσ’
1054 2407 1198 2494 ἀερθείς,

327 2537 372 2634 τφ
395 2507 545 2603 προσφὺς
567 2507 688 2596 ἐχόμην
710 2510 753 2589 ὡς
775 2516 927 2598 νυκτερίς.
941 2509 1026 2582 οὐδὲ
1047 2535 1092 2601 πη
1115 2507 1202 2596 εἶχον

329 2609 402 2706 οὔτε
426 2612 576 2698 στηρίξαι
596 2617 695 2680 ποσὶν
717 2616 911 2700 ἐμπεδον’
879 2610 948 2681 ούτ’
967 2616 1135 2699 ἐπιβῆναι·

212 2727 217 2733 “
258 2727 310 2779 435
328 2697 415 2802 ρίζαι
438 2710 501 2842 γάρ
524 2710 600 2793 ἐκάς
622 2711 722 2800 εἶχον,
745 2715 948 2818 ἀπήωροιδ’
967 2721 1047 2784 ἕσαν
1069 2711 1138 2796 όζοι

328 2819 451 2905 μακροί
472 2841 506 2882 τε
527 2814 665 2942 μεγάλοι
686 2843 734 2899 τε,
757 2823 953 2887 κατεσκιαον
974 2823 1008 2886 δ
1033 2815 1250 2906 Χάρυβδιν

329 2919 580 3013 νωλεμέωςδέ
575 2917 704 3045 χόμην,
726 2918 804 3014 όφρ
824 2921 1036 3008 ἐξεμέσειεν’
1015 2925 1147 2988 οπίοσω

326 3019 423 3092 ἱστόν
444 3027 501 3091 καὶ
523 3021 639 3111 τρόπιν
661 3016 761 3102 αὖτις.
774 3027 968 3112 ἐελδομένῳ
991 3028 1026 3092 δέ
1048 3049 1106 3111 μοι
1127 3013 1240 3104 ἦλθον

329 3123 402 3231 ἀφ’·
425 3153 512 3212 ημος
534 3126 563 3192 δ
584 3131 635 3194 ἐπὶ
659 3125 824 3215 δόρπον’
805 3153 890 3216 αυηρ
913 3127 1089 3215 ἀγορῆθεν
1109 3125 1270 3206 ἀνίστη

259 3215 311 3290 4λο
329 3233 448 3314 κρίνων
470 3233 577 3296 νείκεα
597 3227 706 3313 πολλοὶ
729 3233 953 3317 δικαζομένων
969 3232 1099 3311 αἰζηῶν,

329 3335 433 3415 τῆμος
455 3327 496 3412 δη
518 3327 561 3395 τά
582 3355 619 3415 γε
641 3333 745 3418 δοῦρα
769 3331 961 3420 Χαρύβδιος
982 3329 1188 3423 ἐξεφαάνθη.

328 3459 394 3514 ηκα
417 3431 446 3500 δ’
467 3428 535 3516 ἐγώ·
550 3429 749 3518 καθύπερθε
771 3432 878 3512 πόδας
898 3440 955 3502 καὶ
973 3447 1061 3525 χεῖρε
1083 3435 1258 3524 φέρεσθαι,

329 3542 439 3624 μέσσῳ
462 3533 491 3603 δ’
511 3532 697 3616 ἐνδούπησα
714 3535 822 3622 παρὲξ
842 3537 1022 3627 περιμήκεα
1044 3540 1158 3623 δοῦρα,

330 3637 481 3724 ἑζόμενος
503 3636 533 3704 δ’
553 3641 605 3704 ἐπὶ
627 3645 713 3705 τοῖσι
736 3635 870 3726 διήρεσα
889 3645 1003 3730 χερσὶν
1024 3644 1146 3730 ἐμῇσιν.

259 3743 311 3795 447
375 3745 473 3808 ἐνθεν
496 3740 526 3808 δ’
546 3744 691 3830 ἐννῆμαρ
714 3741 880 3834 φερόμην,
902 3741 1019 3836 δεκάτη
1042 3747 1078 3811 δέ
1099 3768 1140 3829 με
1161 3742 1253 3808 νυκτί

364 3984 416 4036 445
432 3977 550 4052 Σκύλλην
569 3981 594 4038 δ’
610 3981 699 4040 οὐκέτ’
713 3991 769 4040 ἴαυε
791 3987 879 4057 πατὴρ
898 3983 1002 4058 ἀνδρῶν1
1012 4009 1040 4040 τε
1061 3983 1130 4040 θεῶν
1146 4005 1175 4036 τε

435 4071 561 4124 εἰσιδέειν·
579 4065 611 4123 οὗ
629 4071 678 4144 γάρ
697 4081 740 4125 κεν
759 4071 909 4144 ὑπέκφυγον
926 4072 1006 4127 αἰπὺν
1019 4069 1146 4144 όλεθρον.
