3259 4917
1312 584 1327 633 ἰ’

274 734 314 796 Τ.
345 728 1079 817 ὈὃυσσέωςκαὶΙΙηνελόπηςὁμιλία.
1102 729 1326 822 τάνίπτρα.

341 855 386 909 σόν
411 852 548 927 Τηλεμάχῳ
573 861 675 911 ἔκθεσιν
699 865 814 909 ποιεῖται
837 858 887 909 τῶν
910 854 1166 921 ὅπλων«’οδυσσει’·ς,
1194 862 1238 912 καὶ
1262 861 1326 933 πρός

373 938 524 1010 Πηνελόπην
547 948 573 994 έκ
592 942 698 1013 Κρητης
721 948 786 995 εἶναι
809 941 987 1015 δποκρίνεται.
1016 948 1115 1011 γίνεται
1138 947 1165 997 δὲ
1184 942 1268 999 αὐτοῦ
1287 942 1324 999 δι’

374 1020 449 1095 αὐλῆς
466 1022 660 1098 ἇναγνωρισγιός
677 1028 743 1099 πρός
754 1022 911 1099 Εὐρύκλειαν
928 1029 991 1089 τοὺς
1010 1026 1094 1090 πόδας
1112 1025 1195 1083 αὖτοῖι
1213 1036 1324 1084 νίπτον-

373 1130 427 1164 οαν.
452 1115 496 1165 καὶ
514 1113 582 1165 κατὰ
601 1118 757 1183 παρέκβασιν
777 1114 790 1167 ὅ
811 1114 921 1180 πονητὴς
938 1118 1064 1182 διηγεῖται
1082 1114 1113 1175 ὥς
1131 1120 1156 1167 ἐν
1174 1119 1322 1188 Παρνασσῷ

373 1197 425 1250 ὑπό
444 1197 505 1257 συός
524 1194 619 1265 ἐπλήγη
637 1194 756 1265 κυνηγῶν.

269 1324 305 1387 Υ.
351 1317 400 1386 τά
421 1316 500 1409 πρό
523 1325 593 1400 τῆς
614 1326 991 1412 μνηστηροφονίας.

335 1448 476 1515 βουληθεὶς
495 1441 591 1498 ἀνελεῖν
610 1445 624 1498 ὁ
641 1442 780 1507 Ὀδυσσεὺς
798 1449 848 1507 τάς
864 1454 1020 1519 μιγνυμένας
1038 1458 1094 1509 τοῖς
1111 1452 1254 1521 μνηστῆρσι
1272 1458 1322 1504 θε-

372 1536 509 1602 ραπαίνας,
528 1530 636 1603 ὕστερον
654 1535 681 1585 δὲ
698 1531 851 1603 μεταγνούς,
870 1534 913 1587 διά
931 1533 982 1587 τόν
999 1533 1054 1604 ἓξης
1069 1535 1136 1606 πρός
1148 1530 1266 1605 Εὔμαιον
1278 1542 1323 1590 καί

372 1619 503 1681 Φιλοίτιον
522 1619 676 1686 διαλέγεται·
695 1624 719 1670 έν
738 1614 757 1686 ᾧ
776 1622 821 1672 καὶ
837 1621 888 1673 τῶν
905 1619 1055 1691 μνηστήρων
1072 1625 1172 1689 γίνεται
1190 1620 1286 1691 ὁμιλία.

266 1746 309 1810 ‹1›.
356 1740 478 1821 τόξου
500 1746 631 1821 θέσις.

335 1866 473 1937 Πηνελόπη
490 1867 526 1935 τῷ
544 1873 657 1922 τείνοντι
674 1870 706 1922 τό
724 1870 800 1928 τόξον
819 1869 943 1941 ὁμολογεῖ
958 1873 1005 1924 τόν
1023 1871 1106 1942 αὕτης
1116 1872 1208 1942 γάμον.
1224 1868 1321 1927 Ὀδυσ-

372 1952 429 2013 σεὺς
447 1954 473 2007 δὲ
491 1951 598 2024 Εὐμαίῳ
622 1958 667 2008 καὶ
683 1958 804 2022 Φιλοιτίῳ
824 1954 998 2028 ἐντειλάμενος
1018 1961 1079 2030 περὶ
1097 1956 1142 2025 της
1159 1955 1211 2010 τῶν
1229 1960 1319 2029 θυρῶν

371 2033 514 2107 άοφαλείας
531 2036 611 2100 οὗτός
630 2036 721 2111 ἀφίησι
738 2040 770 2094 τό
787 2045 861 2108 βελος
879 2042 922 2094 διὰ
940 2045 991 2095 τῶν
1010 2047 1146 2107 πελέκεων,
1165 2039 1247 2095 άλλσυ
1265 2051 1319 2096 τεῖ-

369 2144 413 2176 ναι
430 2125 462 2177 τό
481 2121 556 2183 τόξον
574 2126 611 2197 μὴ
630 2130 797 2194 δυνηθέντος.

262 2254 310 2317 Χ.
356 2252 715 2343 μνηστηροφονία.

333 2375 367 2427 τό
380 2377 441 2445 περὶ
452 2373 500 2441 τὴν
512 2378 738 2445 μνηστηροφονίαν
751 2373 924 2446 ἐργασάμενος
939 2372 1080 2434 Ὀδυσσεὺς
1094 2372 1225 2443 παροόοης
1234 2376 1319 2445 Ἀθη-

368 2461 415 2519 νᾶς
438 2464 463 2511 έν
485 2466 542 2518 τοῖς
565 2456 620 2527 ἓξης
642 2458 690 2518 τάς
709 2463 877 2531 θεραπαίνας
900 2460 943 2513 διά
963 2456 1116 2531 Τηλεμάχου
1139 2464 1183 2514 καὶ
1205 2464 1254 2515 τῶν
1278 2468 1318 2514 ολ-

368 2548 442 2597 κείων
461 2541 563 2607 κολάζει
581 2541 636 2614 ἅμα
656 2548 812 2614 Μελανθίῳ.

265 2676 309 2737 Ψ.
353 2671 573 2749 Ὀδυσσέως
596 2667 669 2739 ὑπό
692 2670 941 2754 Πηνελόπης
964 2672 1289 2762 άναγνωρισμός.

333 2791 439 2865 ἀγγελία
460 2792 619 2868 Εὗρυκλείας
640 2794 781 2870 Πηνελόπη
807 2802 869 2870 περὶ
895 2796 945 2851 τοῖι
965 2794 1109 2859 Ὀδυσσέως
1131 2804 1175 2852 καὶ
1198 2798 1244 2869 της
1265 2800 1315 2853 τῶν

368 2882 518 2953 μνηστήρων
546 2878 708 2955 ἀναιρέσεως,
737 2879 930 2956 άναγνωρισμός
959 2904 988 2936 τε
1018 2879 1099 2952 αὐτῆς
1126 2885 1192 2956 πρὸς
1216 2880 1314 2939 Ὀδυσ-

370 2974 421 3031 σέα,
439 2971 483 3020 καί
500 2970 550 3021 τῶν
568 2968 614 3038 τῆς
627 2962 722 3039 πλάνης
735 2968 898 3040 διηγημάτων
911 2966 1143 3039 άνακεφαλαίωσις,
1161 2974 1204 3022 καλ
1219 2966 1315 3024 Ὀδυσ-

369 3060 429 3115 σέως
447 3056 490 3105 καὶ
509 3054 661 3124 Τηλεμάχου
679 3054 814 3123 μετὰτῶν
834 3059 935 3107 οἰκείων
952 3056 1047 3111 ἔξοδος.

258 3179 305 3245 Ω.
350 3186 490 3246 νέκυια
513 3182 690 3267 δευτέρα.
720 3182 908 3245 σπονδαί.

333 3304 380 3363 τάς
397 3302 446 3355 τῶν
463 3301 613 3375 μνηστηρων
631 3304 720 3373 ψυχὰς
735 3301 829 3376 Ἑρμῆς
847 3306 883 3364 είς
897 3303 986 3357 Ἅιδου
1004 3298 1120 3370 κατάγει,
1137 3306 1181 3355 καὶ
1199 3299 1315 3373 άναγνω-

367 3390 457 3461 ρισμὸς
475 3386 618 3450 Ὀδυσσέως
643 3394 742 3459 γίνεται
769 3390 835 3462 πρός
861 3390 908 3443 τόν
936 3391 1032 3442 ἑαυτοῦ
1060 3395 1160 3461 πατέρα
1186 3392 1337 3460 Λαέρτην.’

368 3478 412 3527 καὶ
429 3476 545 3547 ταραχὴν
563 3485 620 3536 τοῖς
634 3471 797 3545 Ἰθακησίοις
815 3482 979 3547 γεγενημένην
992 3479 1034 3528 ἐπὶ
1051 3476 1085 3547 τῇ
1099 3474 1148 3527 τῶν
1165 3474 1314 3545 μνηστήρων

368 3556 493 3631 ἀναιρέσει
508 3560 610 3629 Ἀθηνᾶ
631 3562 727 3615 κωλύει.
802 3578 805 3583 ·
