3259 4917
604 517 842 576 ΟΔΥΣΣΕΙΔΣ
871 521 892 572 Ω
1222 517 1277 572 363

159 672 209 740 24
221 676 280 740 καί
300 697 360 760 μοι
379 671 470 741 τοῦτ’
482 671 671 762 ,ἀγόρευσον
692 670 868 760 ἐτήτυμον,
891 667 969 764 όφρ’
989 663 1026 739 εὖ
1048 673 1130 750 εἰδῶ,

220 773 243 858 ή
265 771 329 858 ήδη
351 775 447 868 σόφα
469 774 537 844 οἶδε
558 780 728 865 περίφρων
749 773 965 856 Πηνελόπεια

138 894 202 944 405
222 875 432 961 νοστήσαντά
454 901 491 945 σε
514 878 615 966 δεῦρ’,
637 871 660 960 ἦ
681 874 823 964 ἄγγελον
846 875 1061 968 ὀτρύνωμεν.ι

265 977 325 1048 τόν
347 981 377 1048 δ’
397 978 665 1068 ἀπαμειβόμενος
686 988 840 1073 προσέφη
861 978 1040 1066 πολύμητις
1059 978 1231 1059 Ὀδυσσεύς
1263 1017 1267 1022 ·

226 1077 275 1150 «ὦ
296 1091 409 1172 γέρον,
430 1081 503 1167 ήδη
517 1082 600 1152 οἶδε·
623 1089 656 1151 τί
677 1106 714 1155 σε
727 1081 799 1171 ’χρή
821 1087 1152 1165 ταῦταπένεοθαιςυ

264 1184 308 1266 ὣς
330 1185 434 1278 φάθ’,
455 1187 476 1256 ὀ
499 1188 530 1254 δ’
545 1180 640 1266 αὖτις
661 1183 714 1274 ἄρ’
736 1186 812 1268 ἔξιτ’
831 1185 982 1266 έυξέστου
1004 1192 1056 1254 ἐπὶ
1078 1191 1209 1278 δίφρου.

221 1287 265 1368 ὣς
287 1291 317 1357 δ’
333 1287 440 1369 αότως
459 1294 576 1370 παῖδες
597 1293 718 1359 Δολίου
737 1286 857 1358 κλυτόν
879 1288 964 1382 ἀμφ’
989 1290 1132 1373 Ὀδυσῆα

137 1405 201 1455 410
222 1392 428 1462 δεικανόωντ’
448 1401 575 1462 ἐπέεσσι
595 1398 653 1462 καὶ
674 1400 711 1466 έν
728 1398 874 1480 χείρεσσι
895 1392 1030 1483 φύοντο,
1112 1451 1117 1456 .

220 1497 324 1578 ἑξείης
346 1496 376 1564 δ’
392 1500 510 1579 ἕζοντοΙ
525 1502 630 1586 παραὶ
652 1499 773 1565 Δολίον
793 1502 931 1587 πατέρα,
945 1495 1042 1588 σφόν.

265 1598 308 1680 ιδς
330 1606 362 1668 οἱ
383 1606 443 1687 μέν
464 1607 542 1688 περὶ
560 1605 694 1669 δεῖπνον
715 1604 768 1668 ἐνὶ.
785 1597 1134 1690 μεγάροισιπένοντο·

221 1701 308 1772 ὅσσα
330 1704 360 1771 δ’
376 1701 589 1795 ἄρ’,όγγελος
611 1697 679 1770 ὦκα
701 1699 787 1770 κατὰ
808 1701 926 1772 πτόλιν
948 1700 1049 1792 ρ’ίχετο
1071 1702 1187 1796 πάντη,

219 1804 418 1896 μνηστήρων
438 1805 597 1895 στυγερόν
619 1805 775 1874 θάνατον
794 1812 852 1874 καὶ
874 1807 946 1893 κῆρ’
966 1814 1136 1875 ἐνέπουσα.

140 1926 200 1976 415
222 1917 253 1978 οἱ
276 1912 306 1978 δ’
325 1908 380 1999 ἄρ’
400 1910 495 1997 ὁμῶς·
510 1911 640 1987 ἀίοντες
661 1914 805 1998 ἐφοίτων
826 1905 977 1976 ίίλλοθεν
998 1905 1100 1988 ἄλλος
1123 1947 1128 1955 -

219 2018 336 2100 μυχμῷ
357 2039 391 2081 τε
413 2016 558 2102 στοναχῇ
565 2037 614 2082 ,τε
636 2009 748 2098 δόμων
767 2009 977 2103 προπάροιθ’
1003 2012 1167 2094 Ὀδυσῆος,

220 2126 255 2184 ὲκ
278 2121 312 2183 δέ
335 2123 428 2194 νέκυς
451 2118 548 2184 οίκων
570 2114 711 2206 φόρεον,
733 2122 789 2184 καὶ
810 2114 949 2183 θάπτον
972 2124 1116 2195 έκαστοι,

221 2219 296 2299 τούς
318 2222 346 2288 δ’
362 2223 397 2301 ἐξ
419 2219 552 2288 ἁλλκίων
572 2223 698 2286 πολίων
720 2216 847 2289 οἶκόνδε
870 2227 1008 2287 ἕκαστον

219 2331 348 2410 πέμπον
368 2320 461 2409 ἄγειν
481 2322 609 2390 ἁλιεῦσι
631 2327 719 2414 θοῇς
739 2328 793 2390 ἐπὶ
813 2326 911 2402 νηυσὶ
934 2326 1097 2400 τιθέντες·

145 2445 204 2497 420
223 2428 317 2494 αὐτοὶ
340 2427 370 2494 δ’
387 2434 431 2504 είς
452 2422 577 2516 ἀγορήν
598 2429 672 2496 κίον
693 2423 836 2514 ἁθρόοι,
858 2422 1035 2511 ἀχνύμενοι
1054 2429 1126 2512 κῆρ.

221 2529 326 2619 αὑτόρ
349 2535 418 2596 ἐπεί
439 2528 469 2615 ῥ’
488 2525 634 2619 ἤγερθεν
655 2529 827 2617 ὁμηγερέες
849 2527 880 2608 τ’
898 2535 1057 2614 ἐγένοντο,

221 2646 326 2700 τοῖσιν
348 2633 378 2700 δ’
393 2632 567 2715 Εὐπείθης
587 2631 654 2700 ιἰνυί
677 2633 716 2700 θ’
735 2639 851 2702 ἵστατο
874 2637 930 2700 καὶ
951 2641 1129 2719 μετέειπεν·

220 2734 338 2816 παιδός
358 2736 427 2827 γάρ
447 2743 478 2805 οἱ
501 2733 718 2806 όλαστονένὶ
739 2742 839 2830 φρεσὶ
861 2741 991 2816 πένθος
1012 2740 1122 2816 έιιειτο,

218 2838 399 2922 Ἀντινόου,
421 2836 481 2908 τόν
500 2847 632 2929 πρῶτον
654 2839 889 2928 ἐνήρατοδῖος
916 2838 1095 2918 Ὀδυσσεύς.

150 2960 203 3011 425
223 2947 282 3008 τοῦ
306 2941 325 3009 ὅ
347 2969 383 3028 γε
404 2947 589 3028 δακρυχέων
611 2943 803 3030 ἀγορήσατο
825 2949 881 3010 καὶ
902 2948 1066 3028 μετέειπεν

228 3036 276 3110 «ὦ
299 3049 406 3136 φίλοι,
427 3037 449 3124 ή
471 3051 556 3129 μέγα
577 3049 677 3129 έργον.
696 3041 781 3131 ἀνήρ
804 3041 1009 3128 ὅδ’,έμήσατ’
1027 3039 1192 3128 Ἀχαιούς·
1228 3099 1234 3116 ,

220 3143 296 3225 τούς
317 3151 378 3232 μέν
399 3143 461 3214 σιἰν
482 3144 616 3226 νήεσσιν
638 3142 727 3230 ἄγων
748 3150 871 3225 πολέας
892 3171 926 3212 τε
948 3149 1004 3212 καὶ
1027 3144 1171 3224 έσθλούς

221 3246 318 3319 ὤλεσε
340 3255 401 3337 μέν
422 3254 506 3330 νῆας
526 3246 714 3341 γλαφυρός,
736 3246 804 3316 ἀπὸ
827 3248 856 3316 δ”
873 3245 971 3316 ιόλεσε
993 3246 1101 3327 λαούς,
1125 3279 1130 3284 ·

220 3350 297 3431 τοὺς
318 3353 349 3420 δ’
369 3350 481 3420 έλθιλν
501 3358 619 3422 ἐ’κτεινε
641 3351 870 3446 Κεφαλλήνων
893 3349 942 3440 ὄχ’
961 3353 1127 3440 ἀρίστους.
1223 3411 1227 3416 .

151 3472 203 3523 430
221 3456 296 3524 ἀλλ’
316 3452 425 3542 όίγετε,
446 3461 526 3546 πρὶν
546 3462 664 3526 τοῦτον
684 3454 707 3538 ή
729 3465 762 3536 ές
788 3455 901 3526 Πύλον
923 3449 991 3524 ὦκα
1013 3461 1149 3525 ἱκέσθαι

220 3557 241 3641 ή
263 3564 319 3626 καὶ
341 3567 375 3638 ἐς
391 3556 517 3628 Ἤλιδα
538 3564 631 3640 δῖαν,
654 3558 718 3626 ὅθι
738 3567 930 3648 κρατέουσιν
942 3559 1072 3638 Ἐπειοί,

219 3664 321 3749 ἰὀμεν.
343 3660 365 3744 η’
387 3668 443 3730 καὶ
465 3667 575 3730 ἔπειτα
595 3668 757 3754 κατηφέες
778 3661 938 3748 ἐσσόμεθ’
959 3666 1038 3728 αίεί·
1130 3699 1134 3706 -

220 3766 310 3852 λώβη
333 3763 397 3853 γὰρ
420 3764 497 3833 τάδε
519 3764 551 3852 γ’
570 3771 639 3834 ἐστὶ
660 3771 716 3834 καλ
739 3773 944 3852 ἐσσομένοισι
965 3769 1151 3846 πυθέσθαι,

221 3877 247 3937 τί
270 3865 311 3951 δή
333 3863 380 3955 μή
401 3870 529 3936 παίδων
552 3895 585 3936 τε
606 3868 812 3956 κασιγνήτων
834 3895 868 3935 τε
891 3873 1022 3960 φονῆας
1115 3913 1117 3920 -

151 3992 202 4043 435
219 3970 388 4059 τισόμεθ’.
416 3971 478 4039 οὐκ
499 3968 542 4038 είν
564 3976 672 4072 έμοιγε
693 3969 777 4060 μεταλ
798 3963 917 4063 φρεσὶν
930 3967 1002 4054 ,ήδὺ
1023 3977 1148 4056 γένοιτο

221 4080 355 4162 ζωέμεν,
376 4072 462 4144 α’λλολ
484 4074 623 4162 τάχιστα
645 4073 765 4146 θανόν
787 4079 983 4167 φθιμένοισι
1002 4080 1142 4161 μετείην.
